3644 4964
88 202 150 287 44
741 159 1062 286 *Ab

96 367 161 465 Π.
187 361 315 463 Libri
344 384 431 455 ties
464 367 715 459 Aristotelis
743 370 799 456 de
823 371 1001 464 Anima.
1072 367 1183 457 Cum
1215 366 1554 459 Commentariis
1585 366 1719 482 ane2

212 485 306 567 iani
337 480 609 570 Thienentis.
686 481 935 574 Vincentia
977 480 1158 597 impreil.
1195 480 1395 598 impensis
1435 481 1624 572 Henrici
1659 487 1719 571 de

215 592 376 682 Sentio
402 594 510 685 Urio
542 595 664 703 1486.
692 596 737 683 in
768 592 807 682 F
810 600 873 689 ol.

263 785 304 860 ln
328 787 450 863 aversa
488 788 591 884 primi
620 787 693 864 folii
727 789 855 886 pagina
884 786 1049 885 legunttu
1087 782 1192 861 tinia
1213 786 1407 885 questionum
1432 782 1513 862 lilii
1535 788 1576 861 de
1601 786 1722 863 anino

103 879 312 981 Aristotelii,
338 882 488 980 impressi
511 885 655 978 gotliico
676 885 876 961 charatiere
899 887 1057 967 minuto,
1089 881 1127 958 δι
1151 884 1271 958 minus
1292 886 1350 980 pin
1402 885 1409 900 '
1434 886 1471 959 in
1489 884 1629 959 duabus
1660 893 1726 959 ω’-

104 980 255 1089 lumnis,
282 993 323 1053 ut
343 981 454 1089 ipsum
475 1002 583 1075 opus,
613 981 709 1076 quod
731 980 883 1055 secundo
905 980 1020 1055 statim
1042 978 1124 1053 folio
1146 980 1279 1149 incipit.
1329 908 1437 1055 gaila
1458 980 1651 1055 initialibus
1664 981 1724 1055 lit·

104 1090 207 1159 terrs,
236 1074 453 1160 mstodibus,
504 1077 689 1170 aginarum
710 1077 880 1155 numeris.
946 1076 1071 1150 Habet
1095 1098 1180 1149 vero
1222 1100 1232 1147 ι
1305 1088 1420 1155 tutas.
1448 1075 1725 1171 &paginarum

105 1171 355 1266 inscriptiones.
406 1171 453 1247 ln¹
492 1197 536 1247 ne
552 1172 717 1269 leguntur
740 1171 935 1266 sequentia:
961 1168 1195 1270 Priclarifflini
1207 1098 1392 1267 plilisoplii
1418 1166 1565 1246 Gaetani
1597 1170 1723 1245 inien-

107 1266 211 1364 nensis
237 1263 423 1341 Vicentini:
450 1277 593 1343 cimento
616 1270 650 1340 in
672 1269 741 1342 tria
763 1268 931 1341 volumina
952 1264 1025 1361 A4.
1048 1263 1089 1338 de
1104 1264 1234 1379 Ansina
1254 1265 1314 1341 deo
1327 1268 1465 1380 spirente
1479 1267 1630 1381 niaxiino
1671 1268 1726 1342 nir

100 1362 338 1555 ffillporslffiffi
356 1362 557 1537 fsseiipppwde
568 1361 695 1537 [ἓξὲξ.
710 1360 902 1536 Uppnpofipp
929 1361 1365 1478 ‘impensaningenioquili
1390 1374 1480 1437 enter
1507 1387 1612 1460 inpie
1636 1388 1658 1435 o
1682 1360 1728 1439 Β

113 1552 200 1631 cat.
224 1551 372 1632 anatra.

923 1470 1149 1535 incarnatione
1167 1457 1304 1537 domini.
1384 1486 1491 1538 ,cccc
1505 1457 1647 1545 banni.
1670 1458 1725 1535 aii.

116 1840 205 1950 ΙΙΙ,
237 1842 438 1931 Gaietani
460 1845 514 1931 de
540 1842 724 1933 Thienis
758 1840 1223 1955 immutatorem
1246 1861 1416 1958 agente.
1469 1844 1519 1954 a)
1543 1836 1619 1931 De
1635 1835 1729 1929 seu·'

229 1956 419 2043 libitibus
468 1959 782 2046 communibus.
845 1962 896 2070 3)
927 1958 999 2047 De
1020 1955 1342 2045 intelletin'leu
1379 1957 1530 2070 potius
1566 1979 1728 2069 perpe·

229 2070 385 2157 tuiiate
413 2069 677 2158 intellettus.
736 2073 787 2177 4)
811 2068 1018 2180 Johanois
1047 2072 1102 2157 de
1132 2069 1341 2158 Gandavo
1367 2068 1578 2183 expositio
1600 2062 1731 2179 supet

44 2220 58 2277 3*
77 2195 85 2265 -ῖ
231 2182 344 2269 libro
371 2185 424 2268 de
455 2182 678 2269 substantia
700 2183 831 2268 orbis.
893 2188 944 2291 5)
971 2181 1182 2293 Ejusdem
1217 2181 1469 2291 quaestiones
1499 2181 1731 2291 singulares

49 2295 84 2404 ‚53
233 2289 358 2404 super
396 2298 553 2379 eodem
600 2296 727 2386 libro.
817 2292 1037 2385 Viceniiae
1072 2320 1151 2409 per
1187 2292 1427 2384 Henricum
1471 2295 1527 2383 de
1565 2288 1732 2382 &insto

231 2404 341 2494 Urso
369 2432 482 2496 anno
513 2406 635 2517 1486.
667 2409 713 2495 in
740 2402 780 2494 F
784 2409 843 2503 ol.

277 2628 449 2732 opuscula
468 2631 549 2708 haec
570 2630 647 2705 sunt
672 2628 801 2705 iisdem
825 2630 940 2727 typis,
969 2630 1154 2728 eidemque
1179 2628 1312 2707 chartae
1333 2626 1492 2741 impreil'a
1515 2650 1599 2703 cum
1620 2650 1733 2726 opere

117 2725 324 2803 immediate
349 2729 576 2824 praecedenti.
623 2725 752 2800 Cetera
774 2747 912 2821 quoque
933 2729 1069 2810 omnia,
1098 2740 1228 2823 praeter
1247 2726 1483 2822 inscriptiones
1505 2724 1730 2820 paginatam.

118 2844 200 2919 quae
225 2822 367 2908 desunt,
396 2824 637 2905 sumendam,
667 2821 764 2915 quod
791 2835 978 2909 externam
1007 2821 1135 2918 spetiat
1158 2822 1321 2897 formam.
1373 2821 1580 2895 Prodieront
1604 2834 1733 2899 autem

117 2920 156 2993 io
179 2920 297 2999 lucem
317 2920 422 3018 paulo
445 2918 521 3015 post
540 2939 630 3012 opus
647 2914 853 2994 immediate
876 2918 1101 3014 praecedens,
1129 2917 1172 2994 so
1192 2920 1277 3014 xvij.
1301 2914 1386 2991 Cal'.
1403 2912 1596 2991 noaeinbrir.
1647 2917 1734 3015 Sig'·

120 3028 257 3094 natiuae
291 3016 500 3112 paginarum
528 3034 612 3087 cum
645 3008 830 3107 signaturis
856 3014 973 3182 operis
1018 3014 1227 3091 raecedentis
1251 3014 1361 3088 etiam
1388 3012 1570 3122 cohaerent
1591 3012 1660 3097 ita.
1688 3026 1735 3092 ut

118 3111 186 3186 tria
206 3114 319 3208 prima
340 3112 469 3183 horum
492 3107 735 3204 opusculorum
766 3107 850 3183 folia
905 3122 945 3185 nt
1005 3111 1092 3188 tima
1118 3109 1357 3209 quaternionis
1378 3133 1420 3195 n,
1452 3131 1552 3203 cujus
1576 3110 1737 3219 quinque

119 3207 235 3303 priora
256 3205 333 3280 sunt
353 3204 478 3278 ultima
499 3204 614 3300 operis
660 3204 879 3279 raecedentis.
930 3205 1140 3305 Subscriptio
1156 3204 1291 3303 adjeila
1309 3206 1408 3301 operi
1432 3229 1468 3283 o.
1487 3226 1520 3298 5.
1543 3205 1734 3282 huusmo·

120 3301 159 3399 (ll
183 3300 249 3377 est:
276 3297 401 3377 Sutria
435 3302 497 3373 mir
517 3324 559 3374 ac
580 3225 788 3412 difficillimis.
799 3297 1010 3400 papilionibus
1029 3303 1065 3375 in
1083 3301 1219 3399 libellu3
1237 3302 1497 3376 commentatoris
1518 3296 1560 3372 ile
1575 3226 1734 3414 lapiton-

121 3401 172 3471 tin
192 3395 281 3473 orbis
302 3396 378 3495 afir
445 3397 539 3514 ’ffirno
568 3394 694 3496 plustre
718 3398 868 3471 unitatis
896 3396 1093 3496 indagatore
1113 3396 1256 3505 joanne
1275 3396 1316 3470 de
1339 3392 1508 3471 Gandaao
1532 3397 1732 3493 commlatir.

122 3492 198 3572 Deo
221 3494 342 3590 optimo
362 3517 552 3592 maximoqg
569 3493 708 3588 sauinti
718 3491 805 3591 finis
819 3493 970 3588 feliciter
990 3496 1154 3596 impofitiir
1176 3499 1236 3595 ql:
1264 3491 1383 3593 inpiso
1411 3492 1446 3565 in
1470 3492 1542 3564 inio
1634 3491 1733 3568 Hen-

121 3594 185 3667 rici
206 3589 248 3666 di
286 3589 378 3668 antio
405 3590 495 3689 Urso
506 3590 640 3690 sainna
664 3614 736 3664 crim
761 3586 825 3663 titi
848 3593 937 3668 entia
963 3593 1031 3702 imp
1094 3592 1291 3668 avinientie
1310 3590 1408 3663 annis
1453 3588 1490 3661 iii
1574 3590 1733 3667 inimo·

121 3691 221 3769 tioni.
241 3590 299 3766 A
317 3713 398 3768 circ.
417 3686 558 3788 ῑκκκυῤ.
587 3684 675 3769 Cal'.
697 3710 812 3765 nirieni
853 3689 892 3767 ir.
941 3591 1110 3787 suilil
1125 3690 1205 3767 sunt
1227 3684 1441 3787 typographi
1459 3682 1616 3785 insignia.
