3644 4964
124 175 186 265 90
266 100 273 115 ⁴
779 129 1157 255 4ἐξιεῖ

128 354 233 440 'pum
252 350 340 416 totius
357 333 511 437 ingonis
524 337 560 414 in
584 333 765 429 amatoria
786 335 885 413 lilrcc:
910 339 968 436 qui
979 342 1021 435 est
1040 335 1081 412 cle
1102 334 1199 415 noro
1213 335 1345 437 fludidi
1356 357 1369 420 t
1384 336 1500 431 ordint
1517 337 1631 441 lugidi.
1644 288 1755 423 clau

132 432 222 514 donni
247 434 507 515 Mcccclnxacuii
527 438 563 511 in
585 425 744 532 diescit
765 433 893 511 Crucis.
944 437 1000 512 De
1015 436 1094 510 loco
1109 433 1354 532 irnpcellionis,
1384 437 1422 515 dc
1436 440 1755 540 typographo'no'n

130 539 266 621 habeo,
290 556 370 632 quae
393 533 520 608 dicam.
570 534 717 607 Litterae
737 531 892 624 gothicae
914 531 990 607 sunt
1008 533 1190 627 oblongae,
1223 533 1339 609 minus
1384 535 1528 632 ingues,
1556 536 1687 636 suoque
1711 543 1752 618 in

131 654 264 734 genere
286 633 487 728 elegantes:
518 629 651 705 Charta
670 627 776 723 plane
797 626 1004 714 firmilluna,
1034 628 1092 705 led
1112 629 1229 703 minus
1247 629 1328 706 alba
1414 633 1534 728 polita.
1586 635 1755 712 ‘Prodic-

23 818 26 823 ,
130 744 216 809 runt
229 731 314 808 haec
336 729 506 823 eudemo
530 725 647 802 usculu
662 722 900 819 conjuntiim,
925 722 995 798 stne
1011 724 1079 801 loci
1101 725 1247 822 pariter,
1273 724 1311 802 dc
1330 729 1541 826 typographi
1553 732 1753 821 mentione,

133 851 229 906 anno
260 840 362 922 1483.
401 824 481 901 Vid.
507 750 553 898 il.
576 823 601 896 Ι.
629 820 677 895 ad
697 821 737 898 h.
765 843 797 894 a.
825 820 863 896 dc
886 818 1106 917 Weislinger
1131 817 1355 904 Annunnent.
1386 826 1528 901 Cathol
1554 851 1636 924 pag.
1666 845 1752 914 280·

130 927 189 1004 CL
207 924 345 999 Panzer
367 924 405 996 in
426 918 608 994 novillnno
632 939 757 1012 opere:
786 915 947 1023 ilnuulttt
969 919 1027 995 bet
1058 912 1166 997 dtttcn
1201 916 1556 1012 naucratiticum
1583 925 1756 1015 editionis

133 1021 258 1134 prioris
285 1041 366 1115 pag.
387 1042 465 1112 132.
492 1015 656 1091 meminit
677 1013 821 1110 quidem
836 1026 876 1088 ut
896 1014 940 1088 ab
959 1013 1035 1090 allis
1063 1015 1237 1123 excitatae
1253 1015 1477 1113 posteriorem
1496 1023 1756 1117 ueropenitus

135 1118 322 1214 ignorauit.
698 1124 701 1128 '

102 1370 329 1466 illlVll.
363 1305 644 1458 Auturitctcs
682 1358 932 1473 Arcllotclis
971 1356 1114 1453 Sancte
1154 1362 1302 1456 Boccii
1340 1361 1540 1458 Platonis
1578 1367 1754 1489 Apuleg

201 1564 208 1579 ,
257 1480 474 1594 Affrircni
501 1474 729 1595 Purplcirii
762 1482 806 1567 ii
833 1478 1020 1566 Gilicrti
1039 1481 1286 1593 porretani,
1341 1483 1539 1570 Coloniae
1564 1512 1644 1599 pec
1677 1485 1755 1598 lo-

251 1598 437 1687 hannem
463 1590 787 1682 Guldenschaeff.
828 1612 950 1704 1487.
985 1593 1029 1678 iu
1059 1590 1161 1681 Ful.

297 1790 415 1867 Verba
434 1786 526 1861 tituli
546 1786 626 1860 loco
653 1786 801 1862 recitata
820 1784 1046 1879 legonnutn
1071 1785 1187 1883 prima
1218 1787 1351 1882 pagina
1378 1787 1453 1865 folii
1502 1787 1583 1864 rimi
1604 1789 1757 1885 gothico

139 1888 340 1967 charaitere
363 1883 552 1978 majusculo
577 1883 746 1978 imprella.
825 1882 866 1956 [n
897 1882 1017 1957 aversa
1048 1884 1178 1978 pagina
1199 1884 1272 1959 folii
1299 1883 1462 1981 ejusdem
1478 1810 1616 1980 1iegitur
1644 1888 1756 1967 index

140 1989 327 2066 librorum,
369 2005 416 2054 ex
443 1981 567 2074 quibus
589 1979 832 2060 austeritates,
864 1977 921 2052 seu
945 1977 1126 2054 sententiae
1150 1981 1371 2076 depromptae
1397 1982 1489 2065 lunt,
1533 2006 1564 2055 e.
1580 2006 1616 2075 g.
1645 1973 1754 2058 liuto.

142 2085 193 2175 iij.
209 2080 248 2155 tt
261 2083 322 2175 iiij.
338 2076 373 2150 li.
390 2076 579 2168 matusalan
600 2077 662 2168 iiij.
712 2074 811 2147 Folio
833 2074 982 2148 secundo
1003 2073 1125 2168 Incipit
1142 2076 1285 2171 prolog⁹
1300 2075 1451 2173 cipendc'i
1471 2076 1672 2150 uulioritutu
1684 2078 1755 2155 dcc.

141 2177 242 2272 Opus
263 2175 409 2271 gothico
426 2171 475 2248 est
497 2170 695 2248 chnratiere
718 2169 937 2265 imprellum,
961 2170 1159 2265 &quidem
1174 2172 1372 2248 firmiffimae
1393 2174 1549 2254 chartae,
1574 2188 1613 2249 at
1633 2177 1760 2250 minus

141 2276 256 2356 albae,
282 2272 320 2347 &
342 2271 472 2368 politae.
520 2268 747 2363 signatores,
769 2265 806 2342 dc
828 2267 990 2341 foliorum
1012 2290 1199 2350 numeros,
1228 2292 1259 2342 e.
1278 2293 1312 2364 g.
1337 2267 1462 2343 Folio·
1478 2293 1536 2340 xv.
1560 2269 1631 2365 ipse
1650 2283 1759 2368 typo·

187 2371 300 2467 aphus
320 2363 461 2461 adjecit
511 2363 682 2440 Custodes
697 2386 798 2446 vero,
826 2363 1061 2460 inscriptiones
1081 2365 1309 2461 paginarum,
1335 2363 1373 2441 dc
1386 2364 1535 2440 initiales
1550 2365 1680 2441 litterae
1695 2367 1759 2442 de·

143 2391 233 2540 faint.
303 2464 401 2540 Folio
429 2460 568 2559 xxxiiij.
595 2463 724 2559 pagina
754 2461 884 2557 prima,
912 2459 1004 2534 linea
1028 2483 1048 2555 5
1084 2458 1248 2555 Sequitur
1277 2476 1366 2536 nuto.
1391 2464 1452 2556 iiij.
1485 2458 1565 2534 libri
1597 2464 1759 2577 politic04

143 2564 256 2660 urejlo.
304 2559 345 2635 ln
367 2560 484 2658 prima
505 2581 587 2633 vero
606 2559 735 2655 pagina
753 2557 823 2631 folii
849 2554 897 2652 iij.
921 2555 1013 2633 linea
1036 2582 1079 2653 27
1105 2558 1313 2635 terminatur
1331 2558 1478 2636 editoris
1499 2556 1680 2659 epilogus,
1702 2581 1760 2638 ctu

144 2658 186 2735 in
207 2657 335 2733 eadem
354 2657 485 2754 pagina
504 2655 640 2753 adjeita
662 2655 711 2730 eli
731 2654 876 2749 sequens
898 2654 1018 2730 subscri
1042 2657 1113 2729 tio:

20 2783 22 2788 ⁸
581 2750 697 2827 Finiti
723 2748 764 2825 ii
786 2751 913 2846 cipletu
941 2753 982 2848 est
1009 2678 1069 2825 doc
1088 2748 1244 2848 opusculi
1264 2777 1323 2847 ptr

520 2872 523 2877 ’
579 2873 629 2921 nnc
667 2845 782 2921 toloni
817 2844 1047 2943 guidisclrccff
1077 2852 1145 2920 ciui
1184 2853 1328 2922 colonien

574 2941 770 3040 srm.Anno
784 2943 845 3018 cni
858 2945 969 3040 nostri,
982 2942 1031 3016 M
1031 2947 1047 3012 ‘2
1074 2970 1155 3022 cccc.
1174 2942 1327 3042 [xxxvii

90 3014 94 3019 ’
150 3044 253 3121 unu
273 3042 320 3119 ae
340 3042 411 3116 noc
430 3060 535 3136 opere
559 3039 693 3116 ualent
711 3039 974 3136 Bibliograpln,
1003 3041 1064 3137 qut
1084 3040 1174 3117 mun
1196 3043 1244 3118 aa
1264 3063 1393 3119 manus
1412 3041 1521 3158 sitio.⁸

153 3288 366 3382 XXVIII.
395 3292 602 3407 Johannis
621 3295 795 3414 Sulpitii
819 3295 1030 3389 Verulani
1055 3298 1434 3388 commentariolus
1454 3301 1497 3387 in
1512 3323 1606 3388 eum
1624 3295 1765 3403 Quin-t

270 3407 408 3495 tiliani
462 3431 618 3517 artem,
650 3438 742 3528 quae
765 3414 820 3500 de
843 3411 1168 3527 compulitionis
1186 3413 1630 3505 rationeinlcribitur.
1669 3418 1767 3502 Ac·

269 3523 389 3607 cedit
418 3438 713 3626 ductilium
736 3530 791 3614 de
818 3528 1144 3641 compositionis
1170 3529 1352 3618 ratione.
1412 3528 1561 3616 Romae
1579 3524 1770 3641 perillu-

174 3750 190 3781 ’
265 3633 454 3724 churium
475 3638 637 3746 Silam,
668 3640 773 3729 alias
803 3637 986 3730 Franck.
1023 3658 1144 3754 1487.
1177 3642 1223 3728 in
1250 3671 1292 3752 4.

318 3826 497 3906 Praemilia
520 3831 568 3906 est
587 3808 657 3935 Ji.
680 3830 821 3932 Sulpitii
841 3835 1023 3910 Verulnni:
1059 3833 1103 3910 Iu
1128 3831 1435 3915 Commentariolucn
1462 3830 1503 3907 rie
1528 3828 1767 3928 Conpustticae

155 3925 318 3997 orationis
337 3922 384 3996 nd
408 3923 623 4024 Clurifflmum
648 3928 768 4005 Vtrum
793 3929 969 4006 Falconem
986 3929 1219 4008 Sinibaldunr:
1242 3928 1423 4005 Patritiunu
1443 3929 1648 4005 Romanum:
1673 3926 1766 4001 Pro·

145 4023 357 4093 -mnoturium
381 4024 589 4121 apostoliciqg
632 4028 719 4099 corii
738 4026 943 4122 Prcselium:
970 4028 1043 4130 Qut
1068 4054 1198 4125 oremq3
1215 4028 1428 4126 pontificium.
1458 4026 1623 4120 Presotio,
1661 4022 1769 4101 Folio

156 4115 308 4191 secundo
317 4112 397 4290 go.
421 4117 560 4216 Sulpitii
616 4123 745 4197 nunni
764 4126 813 4201 ad
831 4126 985 4203 eundem
1058 4127 1300 4201 mmcnturiolus
1320 4128 1461 4225 incipit,
1492 4122 1770 4199 charatterero·

158 4235 286 4297 mano,
378 4215 556 4312 placitanti
581 4220 715 4295 chartae
735 4221 926 4319 imprelius
989 4224 1147 4301 Initiales
1167 4222 1288 4299 literas
1306 4246 1433 4322 parvas
1452 4223 1490 4297 in
1510 4221 1625 4298 fronte
1640 4216 1771 4316 praefi·

89 4344 95 4349 ·
158 4310 283 4392 tionis,
313 4310 351 4386 dt
374 4313 529 4404 opusculi
552 4317 734 4413 utriusque
754 4320 996 4417 typographus
1015 4318 1162 4418 adjecit:
1195 4320 1317 4397 dosunt
1339 4343 1422 4396 vero
1445 4319 1624 4398 custodes,
1654 4312 1775 4426 sugna-

161 4420 269 4492 tuoe.
297 4409 455 4498 cuncti,
474 4408 517 4493 tc
536 4411 777 4516 inscriptiones
804 4418 1023 4517 pagiounun
1055 4414 1059 4422 '
1099 4415 1163 4496 Ad
1194 4420 1331 4500 calcem
1359 4417 1493 4498 auersae
1524 4412 1666 4529 pugiaae
1662 4409 1770 4597 ε4410Ῑύ

1565 4531 1662 4615 impr
