3644 4964
97 222 165 322 aa·
747 177 1073 305 ss

107 392 272 474 Utente
294 389 531 470 Scinaenaeser
555 387 659 466 Anno
680 390 750 467 dr‘ri.
774 390 1025 488 Nsccccxcviij.
1050 387 1104 463 die
1174 388 1234 462 ‘mo
1260 378 1461 462 Decembris.
1510 382 1579 460 Aa
1597 384 1729 486 inpane

94 493 158 594 scs
183 493 334 590 magistri
353 487 510 664 {nibeis
531 491 572 564 de
596 490 769 589 Lignono.
819 491 958 564 Cumr
1007 490 1076 562 'str.
1102 413 1180 562 ebirl
1208 485 1273 562 .&
1297 485 1453 597 Liguani
1472 484 1602 579 infigo.

274 616 331 676 25.
396 590 631 686 xcellentifflmi
661 629 697 646 ·-
734 584 874 662 Andree
901 585 979 660 Bor
1000 588 1069 660 atie
1091 585 1326 659 commentario
1356 603 1381 655 o
1402 582 1501 655 eruto
1538 582 1582 656 de
1617 579 1727 656 libelis

80 686 251 781 ,obsclioe
282 687 381 785 nsque
413 687 461 760 od
489 688 590 760 tituli
614 683 655 759 de
690 681 908 759 dilationibus
936 685 1099 778 incipiunt
1116 683 1277 778 feliciter.
1304 677 1381 754 Fol.
1431 678 1596 755 Charast.
1621 680 1725 775 goth.

106 813 189 864 cum
212 785 333 882 signat.
356 784 445 862 A-
462 809 498 882 y.
522 784 594 858 sme
616 783 747 859 custod.
772 782 809 859 ἀ
834 806 932 856 uum.
955 781 1032 883 soll.
1108 781 1223 857 Praeit
1254 777 1396 852 Henrici
1420 774 1545 851 araci·
1570 775 1726 872 Lemoni

106 889 159 984 ops
183 909 324 958 commo.
385 882 489 957 Folio
514 889 549 957 b.
573 880 722 957 sextcmi
746 903 771 977 y
801 878 895 954 linit
916 920 964 936 -
987 879 1107 978 iprefflt
1130 877 1267 953 bononie
1339 875 1505 975 fiscinam
1524 873 1567 949 rie
1587 873 1726 962 ruberio

104 911 225 1082 pdibru
244 980 417 1076 februarii
435 1003 523 1053 anno
536 978 673 1076 solutis.
698 981 746 1054 llll.
759 975 1012 1074 cccclxxxxiij.
1034 978 1106 1054 &c
1157 975 1263 1052 Conf.
1330 973 1439 1048 coceii.
1466 995 1603 1070 p.194.

207 1148 212 1156 .
273 1098 330 1169 25.
357 1078 507 1176 Joannis
529 1077 643 1153 Annii
664 1075 895 1152 Viterbiensrs
912 1074 999 1150 Ord.
1023 1073 1143 1152 Praed.
1171 1072 1431 1148 commentaria
1447 1071 1488 1146 io
1510 1071 1635 1146 varios
1659 1091 1727 1145 au·

106 1178 224 1255 liores
243 1189 405 1261 veteres,
431 1177 492 1271 qui
517 1176 564 1250 de
583 1175 862 1271 antiquitatibus
884 1171 1106 1268 scripsemnt.
1132 1172 1171 1246 in
1191 1169 1270 1250 rot
1319 1168 1482 1245 Charast.
1496 1182 1729 1242 commenta·

104 1279 243 1352 riorum
265 1297 404 1349 roman.
430 1272 522 1368 eleg.
553 1286 676 1348 textus
706 1272 964 1368 antiquitatum
973 1269 1138 1348 tharaci.
1162 1269 1267 1365 goth.
1288 1268 1351 1365 qui
1374 1288 1504 1364 parvus
1530 1263 1658 1341 Conon
1671 1264 1731 1340 di·

106 1375 210 1451 citur.
262 1373 355 1448 Cum
381 1371 504 1466 stgnat.
525 1370 596 1446 sme
615 1370 751 1447 custod.
769 1370 808 1447 bt
831 1391 929 1444 num.
952 1369 1028 1444 soll.
1078 1367 1140 1444 Ad
1161 1367 1299 1443 calcem
1325 1365 1455 1463 primae
1477 1364 1624 1460 paginoe
1646 1361 1727 1440 solii

105 1493 143 1568 4.
173 1470 381 1556 duernionis
407 1470 456 1546 ἂ.
488 1466 701 1557 Comentorin
736 1508 785 1525 -··
809 1468 947 1561 ‚finiunt
989 1465 1094 1542 Rome
1116 1466 1152 1540 in
1179 1462 1306 1562 Canopo
1329 1459 1429 1537 licre
1448 1461 1553 1536 Anno
1573 1461 1647 1541 dii.
1672 1461 1725 1536 M.

107 1594 201 1644 cccc.
216 1569 338 1643 xcviii.
364 1566 443 1640 Die.
470 1591 506 1642 x.
538 1569 650 1661 mensts
671 1563 771 1671 oJusii
798 1563 961 1665 Impreffo
991 1589 1053 1663 per
1076 1560 1252 1639 Eucboriri
1280 1558 1391 1639 Sisbn
1410 1561 1474 1634 css
1495 1557 1629 1634 Franci
1653 1559 1730 1637 &c

106 1664 169 1743 Aa
189 1666 328 1742 calcem
352 1664 509 1759 opusculi
535 1666 581 1740 de
601 1669 727 1762 primis
750 1667 973 1761 temporibus
990 1661 1067 1759 post
1083 1661 1270 1757 registrum
1292 1661 1499 1736 chartarum
1518 1658 1591 1732 alia
1615 1658 1728 1734 habe-

106 1775 166 1839 tur
190 1762 410 1859 subscriptio,
436 1786 484 1836 ex
507 1785 579 1858 qua
599 1763 770 1839 discimus
794 1777 911 1839 totum
931 1786 1021 1860 opus
1065 1761 1192 1837 raeloe
1218 1755 1347 1870 relsum
1360 1755 1429 1832 elie
1448 1754 1527 1869 lise.
1545 1752 1622 1829 III.
1637 1754 1730 1852 mipsr

108 1857 263 1957 Aogosli.
331 1858 436 1937 Cous.
460 1857 615 1955 Audlffr.
638 1884 720 1959 pag.
752 1886 836 1956 343.
869 1859 931 1935 ubi
962 1783 1105 1934 eruniite
1144 1783 1368 1941 defenditur,
1399 1853 1600 1928 editionem
1631 1853 1731 1928 hanc

43 1994 46 1999 ·
93 1981 185 2034 uon
208 1955 277 2031 else
302 1957 532 2052 originalem,
559 1958 701 2054 abipso
723 1959 868 2036 austore
894 1971 1075 2039 curatam,
1103 1955 1163 2030 sed
1181 1978 1228 2028 ex
1251 1954 1409 2027 editione
1423 1951 1578 2029 auctoris
1600 1951 1731 2047 genui·

86 2079 156 2133 ,na
180 2078 203 2133 a
223 2054 332 2129 sciolo
357 2056 517 2152 quodam
542 2057 686 2152 inepte,
714 2057 752 2134 &
776 2055 1002 2151 negligenter
1025 2051 1224 2151 protrusam
1246 2053 1285 2126 in
1312 2052 1444 2124 lucem.
1536 2046 1549 2055 ’

258 2173 335 2251 ·27.
360 2154 519 2229 Canonis
543 2151 750 2230 Avicennae
766 2153 876 2228 Liber
890 2152 916 2227 l.
940 2150 1024 2231 Vol.
1041 2154 1068 2228 Ι.
1096 2153 1206 2230 Liber
1222 2149 1281 2227 111.
1300 2149 1381 2228 Vol.
1398 2148 1439 2224 ll.
1458 2146 1554 2223 Libri
1571 2143 1635 2221 Ν.
1654 2144 1732 2223 Fen

109 2251 229 2349 prima
252 2249 332 2326 Vol.
357 2251 384 2326 1.
436 2250 530 2327 Cum
553 2249 850 2348 expositionibus,
877 2250 936 2326 seu
956 2247 1130 2325 susrlsrmis
1149 2245 1561 2419 commentariislpacobi
1578 2243 1732 2342 Despars

110 2349 251 2449 (vulgo
274 2350 320 2423 de
343 2349 535 2450 partibus)
558 2349 813 2434 Tornacensrs,
840 2373 913 2425 non
935 2347 1180 2433 Forliviensrs,
1217 2360 1260 2422 ut
1286 2346 1398 2420 habet
1458 2345 1526 2417 enis
1559 2340 1734 2440 Suppsem.

109 2461 255 2620 {iiiii
276 2445 716 2660 {siligini-,iiiii
731 2449 935 2660 {iis-P
956 2439 1646 2658 sirtilltltstpbs‘nttitl..
1662 2438 1735 2654 ἐξ

109 2639 447 2853 iis‘siiui‘i‘asibi
469 2640 1172 2836 tlbllttc‘illeilltttpltnls
1185 2639 1544 2836 {sibisibi
1562 2636 1734 2814 llll:

109 2835 201 2912 rrsus
224 2839 269 2913 ab
291 2860 388 2913 armo
412 2863 503 2936 1432
526 2878 564 2895 -
595 2861 700 2933 1453.
736 2839 997 2916 commentaria
1021 2839 1102 2914 haec
1129 2839 1169 2913 in
1195 2838 1346 2914 Librum
1373 2836 1399 2912 l.
1434 2836 1492 2914 Ill.
1522 2833 1562 2912 ἀ
1592 2830 1681 2912 Fen.
1705 2833 1735 2911 1.

112 2935 216 3009 Libri
236 2933 298 3012 Ν.
323 2935 478 3032 legendo
500 2937 688 3014 absolvisse.
739 2937 795 3011 De
816 2939 922 3013 Libro
946 2937 985 3016 ll,
1011 2937 1162 3012 canonis
1192 2960 1214 3011 a
1241 2935 1276 3011 se
1304 2932 1466 3030 exposito
1491 2931 1737 3008 nullam‘sacit

113 3034 351 3108 mentionem.
400 3035 661 3132 Completiitur
682 3057 768 3130 ergo
794 3035 875 3109 haec
892 3032 1005 3108 editio
1022 3037 1286 3108 commentaria
1301 3033 1422 3104 omnia
1443 3031 1567 3129 jacobi
1584 3029 1631 3101 de
1648 3032 1739 3107 Par·

113 3132 210 3206 tibus
230 3132 267 3203 in
291 3129 529 3211 Avicennam.
582 3130 643 3206 Ad
666 3133 805 3206 calcem
828 3132 1082 3206 commentarii
1110 3133 1146 3205 io
1172 3131 1247 3206 Fen
1269 3133 1294 3205 1.
1319 3131 1415 3205 Libri
1438 3128 1500 3204 Ν.
1531 3126 1713 3227 Impffisse

114 3233 176 3302 orit
192 3250 273 3321 opus
298 3227 442 3327 lugduni
464 3228 533 3329 (cri
557 3223 720 3327 perlegis
742 3230 777 3302 in
801 3226 874 3325 epsb
895 3226 1064 3327 declarat)
1096 3230 1244 3325 incipiite
1271 3268 1310 3288 -
1340 3227 1397 3306 M.
1421 3224 1563 3301 iohanne
1588 3219 1624 3304 Τ
1617 3226 1691 3307 reci
1707 3225 1739 3301 el

118 3366 164 3389 *-
187 3327 262 3398 cui⁹
284 3327 341 3403 oso
363 3326 400 3400 in
422 3352 502 3423 poce
518 3325 629 3425 sescot
652 3325 828 3423 asummcite
845 3331 915 3402 nait.
936 3325 991 3402 M.
1018 3324 1157 3402 iohanne
1182 3325 1277 3402 Lirin
1302 3325 1556 3400 triptolemon
1580 3368 1627 3387 -
1650 3348 1739 3400 onno

118 3459 166 3477 ·-
192 3423 362 3520 missrstmo
393 3426 714 3523 quadringmtestmo
743 3425 949 3523 nonogefimo
978 3425 1090 3500 osiaco
1122 3449 1209 3502 nono
1242 3424 1400 3511 kalendas
1430 3425 1591 3520 ionucrij.
1643 3424 1742 3502 Cum

117 3520 266 3619 registro
286 3521 525 3608 Chattorum,
552 3522 591 3600 δι
610 3524 690 3623 Jolr.
712 3523 877 3600 Trechsel
895 3523 1103 3619 insignibus.
1177 3522 1324 3600 Oriundi
1345 3547 1379 3619 p.
1405 3541 1488 3618 379.
1513 3524 1664 3600 innuere
1686 3523 1743 3599 vi·

116 3623 243 3706 detur,
285 3623 546 3698 commentaria
580 3624 660 3698 haec
699 3634 819 3701 totum
862 3645 1037 3698 canonem
1084 3620 1284 3700 Aviccnnae
1323 3619 1502 3718 spesiare:
1554 3618 1664 3696 Derris
1701 3623 1742 3698 in

116 3718 287 3817 Supplem.
314 3741 348 3816 p.
366 3738 449 3816 438.
473 3720 643 3799 meminit
664 3735 807 3795 tantum
831 3722 1179 3796 commentariorum
1198 3721 1238 3794 in
1260 3717 1335 3794 Fen
1360 3718 1386 3794 l.
1414 3717 1512 3794 Libri
1533 3716 1595 3796 Ν.
1663 3719 1765 3807 Nec,

117 3839 207 3911 ergo
232 3819 311 3902 hic,
338 3842 406 3892 oec
432 3818 512 3904 ille,
540 3843 606 3894 nec
627 3820 687 3896 alii
711 3819 822 3893 etiam
844 3817 1092 3914 Bibliographi
1108 3817 1272 3896 exaltem
1297 3818 1343 3892 de
1367 3818 1436 3892 hac
1449 3815 1627 3904 editione,
1656 3842 1744 3917 ope·

120 3938 233 4010 reque
247 3914 328 4009 ipso
354 3917 520 3992 notitiam
544 3915 703 3993 habuisse
728 3917 906 3990 videntur.
956 3916 1156 4013 Exemplar
1186 3914 1345 3991 nostrum
1377 3915 1577 4010 integrum,
1602 3918 1745 4013 optimc

122 4011 392 4095 conservatum.
421 4013 459 4091 ὅ(
480 4015 517 4087 in
538 4013 735 4090 Volumina
758 4015 817 4091 Ν.
837 4011 985 4087 divisum
1005 4012 1067 4088 est.

295 4126 350 4195 28.
376 4109 514 4186 Tabula
536 4111 574 4186 in
596 4111 759 4186 Andreae
782 4110 967 4187 Barbatiae
991 4110 1164 4188 leliuram
1197 4110 1236 4186 in
1270 4109 1420 4186 titulum
1450 4107 1497 4184 de
1520 4105 1669 4204 judiciis
1699 4110 1746 4193 de

121 4206 202 4281 soro
228 4209 448 4304 competenti
474 4210 661 4305 usquead
686 4209 744 4282 tit.
773 4209 823 4282 de
846 4208 1089 4285 dilationibus,
1147 4208 1327 4285 Bononiae
1351 4229 1414 4304 per
1434 4204 1676 4306 justinianum
1699 4210 1746 4284 de

124 4303 632 4399 Rugeria01498.Fol.ma'.
684 4307 788 4383 Cous.
805 4303 851 4382 N.
870 4321 928 4396 84.
945 4308 993 4382 ad
1008 4329 1091 4389 ann.
1106 4314 1219 4409 1497.
1268 4308 1431 4385 Pertinet
1450 4308 1532 4382 haec
1558 4304 1747 4387 tabulaad

123 4425 216 4506 opus
240 4400 342 4501 supra
367 4401 580 4482 recensitum
606 4329 653 4485 b
683 4425 741 4501 24.

1373 4618 1386 4641 ⁸
1521 4609 1580 4695 29·
1606 4593 1702 4683 Bal!
