3644 4964
722 159 1044 304 ᾧ
1517 288 1526 302 .
1589 219 1690 310 '1245
1717 303 1730 329 .-

74 396 160 480 eali.
177 392 277 494 goth.
301 388 432 468 minut.
456 409 540 466 cum
560 382 683 484 lignei
703 386 779 464 ab.
804 388 939 473 ternis,
968 385 1039 462 sine
1056 379 1189 461 custod.
1215 379 1252 463 &
1275 407 1374 463 num.
1396 384 1474 466 loll.
1507 386 1696 470 Termina-

73 512 132 576 tur
154 499 225 574 fine
247 491 498 586 subscriptione
516 486 600 561 folio
622 512 676 560 ιι.
726 486 782 560 De
803 486 915 562 Paulo
939 485 1056 560 Niaue
1078 486 1173 559 cons·
1194 486 1287 561 dista
1308 488 1346 562 in
1370 487 1404 560 h.
1426 489 1468 563 cl.
1489 488 1535 570 N.
1560 516 1644 587 334.

113 634 117 659 ι
240 613 320 682 344.
356 585 481 684 Incipit
515 581 658 679 Roseum
692 585 876 657 memoriale
910 583 1100 667 diuinorum
1122 583 1323 678 eloquiorum
1353 583 1417 684 (h.
1439 588 1474 660 e.
1495 589 1695 684 Rhytmica

74 669 1579 880 44444141444444.444444444444444444.
1599 685 1695 882 lli
1736 717 1750 735 “

77 882 245 966 Charati.
265 882 366 978 goth.
383 880 455 955 sine
474 876 608 953 custod.
624 877 739 973 figunt
761 876 800 953 &
825 901 924 953 num.
943 875 1179 966 loll.‚constat
1199 878 1298 952 foliis
1327 879 1495 975 imprcllis
1522 902 1582 975 4³·
1632 881 1696 958 lid

76 985 238 1063 calcem:
275 973 432 1075 Explicit
464 974 606 1068 Roseum
632 976 819 1048 memoriale
842 1013 881 1029 -
901 976 1079 1072 cipilatum
1108 998 1171 1070 per
1183 976 1332 1070 fratrem
1359 990 1478 1072 pctru3
1505 979 1546 1052 de
1568 979 1696 1077 Roseu-

75 1083 160 1160 lreim
189 1075 383 1153 monaclrum
404 1074 590 1172 monasterii
612 1073 800 1171 mellicensis
828 1072 956 1146 ordinis
976 1070 1087 1170 fianllr‘
1111 1064 1276 1156 ismedr'tli.
1304 1071 1418 1148 linito
1448 1072 1535 1149 libro
1548 1079 1595 1175 stt
1619 1080 1694 1155 laus

77 1193 109 1256 et
130 1178 245 1277 gloria
275 1170 354 1271 xpo.
402 1171 547 1254 Nescio,
575 1195 623 1248 an
653 1171 782 1247 eadem
806 1167 848 1244 fit
866 1171 978 1245 editio
1003 1171 1148 1246 laudata
1173 1188 1193 1244 a
1215 1171 1322 1246 Denis
1344 1175 1383 1247 in
1412 1171 1580 1269 Supplens.
1612 1200 1695 1273 pag.

78 1285 163 1375 654.
230 1271 355 1348 Aliam
383 1283 471 1348 ann:
492 1283 596 1366 1489.
629 1270 766 1352 nostra,
803 1280 844 1342 ut
870 1269 1034 1356 videtur,
1052 1302 1057 1311 s
1074 1268 1325 1366 posteriorem,
1366 1271 1542 1369 descripsit
1574 1273 1697 1350 Brann
1786 1311 1795 1346 4

104 1400 204 1453 4.4
262 1427 270 1445 .
655 1412 662 1424 ·

78 1395 152 1476 Η
213 1389 322 1565 8345.
348 1462 527 1566 Expofitlo
556 1461 747 1559 -''sratris
772 1459 955 1560 hieronymi
975 1461 1182 1559 'seruonarole
1210 1503 1256 1520 -
1283 1461 1320 1538 in
1337 1457 1478 1563 pfialmsi'.
1507 1464 1606 1539 Inte
1634 1467 1698 1542 aas

73 1569 233 1672 spectaui:
258 1566 329 1643 &c
354 1566 391 1640 in
419 1582 452 1648 8.
503 1563 665 1640 Charali.
692 1561 793 1657 goth.
812 1585 895 1636 curn
918 1562 1041 1658 signat.
1070 1561 1131 1635 Est
1152 1561 1228 1637 foll.
1255 1585 1313 1639 ro.
1360 1562 1593 1642 necassem:
1619 1565 1699 1642 Ex·
1725 1610 1728 1621 ·

77 1671 173 1771 plisit
194 1663 351 1763 expositio
378 1704 421 1716 -
445 1667 512 1756 quei
529 1674 633 1734 morte
652 1666 750 1757 puit⁹
776 1660 905 1756 explere
929 1668 973 1733 no*
997 1661 1118 1757 potuit.
1224 1735 1226 1738 .

241 1767 324 1858 3414.
350 1759 522 1837 Sermones
538 1756 696 1851 funebres
724 1757 929 1854 vulgariter:
957 1759 1176 1854 literaliterqg
1190 1759 1448 1855 pronunciandi.
1476 1757 1559 1834 Item
1575 1761 1703 1860 sermo·

81 1887 137 1941 nes
161 1861 325 1959 nuptiales
346 1856 577 1955 pulcherrimi,
603 1856 735 1953 partim
759 1854 1122 1953 compositi„partim
1146 1856 1283 1933 collelti
1308 1880 1330 1932 a
1352 1858 1532 1954 Gregorio
1556 1861 1703 1937 Britanss

79 1966 162 2039 nico
186 1960 264 2034 ord.
286 1958 398 2054 praed.
416 1952 517 2051 cujus
535 1954 708 2051 praemissa
728 1954 777 2029 est
791 1953 939 2051 epistola
956 1954 1177 2032 dedicatoria
1199 1961 1245 2030 ad
1267 1956 1419 2033 Paulum
1440 1957 1559 2043 Zane,
1587 1961 1702 2056 Episc.

80 2056 334 2149 Brixinensem
358 2055 442 2130 data
467 2051 738 2150 Quastoelecimo
755 2051 836 2127 leoli.
863 2051 1000 2150 Aprilis
1022 2061 1130 2150 1495.
1177 2049 1373 2148 Subjunlta
1399 2055 1448 2130 est
1474 2056 1702 2151 responsoria,
1753 2077 1759 2086 “

82 2182 153 2258 qua
174 2158 221 2231 ad
247 2153 409 2230 edendos
427 2152 696 2249 quamprimum
715 2152 784 2225 hos
799 2152 982 2228 sermones
994 2151 1095 2227 illum
1113 2155 1298 2234 hortatur,
1326 2155 1411 2228 data
1433 2153 1622 2227 sluodeeimo
1642 2154 1674 2230 ll
1692 2211 1701 2231 .

82 2255 229 2356 Aprilis.
263 2273 365 2349 1495.
392 2251 431 2324 in
459 2252 495 2328 8.
546 2250 710 2324 Charali.
734 2251 836 2345 goth.
861 2251 990 2324 minut.
1016 2274 1100 2324 curn
1122 2247 1247 2344 figunt.
1268 2246 1340 2351 fine
1371 2248 1502 2324 custod.
1534 2252 1572 2328 ὅ(
1603 2276 1703 2330 num.
1806 2278 1810 2288 ·

84 2355 162 2433 soll.
214 2347 317 2426 Circa
336 2349 445 2423 linem
470 2347 652 2423 columna:
678 2372 711 2422 2.
736 2346 812 2421 solii
840 2372 895 2422 10.
929 2348 1192 2442 quinternionis
1209 2349 1232 2421 l.
1255 2345 1327 2421 sola
1349 2371 1423 2421 vox
1444 2343 1539 2422 Finis
1557 2350 1703 2447 legitur.

82 2450 237 2531 Videtur
258 2449 340 2523 haec
362 2446 475 2521 editio
498 2444 597 2544 prior
621 2442 684 2519 illa
705 2466 789 2521 ann.
818 2451 922 2538 44944.
946 2470 967 2520 a
993 2445 1042 2518 ud
1068 2444 1176 2519 Derris
1201 2440 1371 2543 Supplem.
1401 2467 1481 2542 pag.
1505 2472 1589 2542 444.

245 2570 327 2644 347.
355 2543 523 2639 Dialogus
541 2544 627 2616 inter
646 2541 807 2617 sationem
839 2553 870 2614 44
894 2467 1123 2636 4441144444
1146 2555 1276 2617 exorta.
1302 2540 1389 2644 (sic)
1426 2543 1548 2619 1144444
1572 2544 1706 2642 quondo

85 2672 124 2726 ae
149 2642 267 2744 quibus
285 2644 423 2716 molinis
446 2641 504 2739 Mi
531 2665 552 2713 a
577 2636 775 2714 celebranda
802 2636 1031 2738 abstinendum
1040 2642 1098 2735 stt.
1123 2681 1159 2696 -
1185 2642 1232 2717 ad
1251 2641 1406 2716 calcem:
1432 2640 1559 2716 Editus
1575 2670 1637 2737 per
1653 2670 1709 2719 ue·

86 2742 263 2822 necabilem
282 2744 472 2841 magistrum
537 2738 681 2813 aulaeum
706 2734 747 2811 ele
774 2735 938 2811 Cracouia
953 2737 1052 2837 sacre
1072 2736 1232 2835 tlreolog'ie
1251 2738 1465 2836 profestorem
1487 2742 1594 2839 studii
1618 2742 1709 2818 Pra-

108 2841 264 2937 eutecio
296 2864 330 2935 4.
394 2837 557 2914 charnu.
592 2836 694 2933 goth.
728 2854 812 2911 cum
845 2833 970 2932 signat.
1004 2859 1085 2911 a·-
1108 2862 1140 2914 c.
1171 2837 1243 2914 srne
1275 2836 1408 2913 custod.
1438 2838 1475 2916 lis
1503 2863 1602 2916 num.
1631 2841 1708 2918 foll.

85 2872 227 3030 lutto,
254 2950 296 3013 ut
318 2937 486 3020 videtur,
512 2936 710 3030 incognita.
1326 3003 1327 3006 .

249 3040 330 3132 348.
356 3033 504 3130 Egregie
521 3033 681 3132 sententie
714 3056 765 3109 rue
790 3029 949 3139 Jocundi
971 3037 1090 3130 stores>
1109 3030 1225 3122 dalion
1245 3043 1369 3130 poeto4
1395 3031 1438 3107 In
1461 3033 1579 3130 quibus
1602 3034 1708 3132 :ligna

87 3139 162 3214 lares
185 3134 346 3210 virtulum
367 3145 397 3206 et
425 3134 588 3206 acerrima
610 3129 829 3229 effulminatio
859 3137 1017 3210 uitiorum
1048 3134 1177 3230 egregie
1199 3134 1416 3207 continentur.
1467 3135 1561 3210 Haec
1584 3133 1712 3210 chara·

87 3237 180 3312 ltere
204 3231 329 3308 missali
352 3229 516 3326 impressa
540 3230 626 3305 sunt.
651 3231 689 3305 in
711 3252 748 3323 4.
799 3233 909 3310 Praeit
932 3228 1055 3308 tabula
1075 3255 1107 3329 7.
1127 3231 1201 3307 foll.
1228 3230 1383 3307 charoli.
1410 3232 1511 3326 goth.
1537 3256 1624 3309 cum
1643 3233 1711 3326 fig-

86 3350 162 3412 nat.
191 3329 286 3406 A-
312 3326 456 3404 11111444
478 3327 611 3403 custod.
634 3325 788 3409 &nurn-
810 3331 887 3404 soll.
918 3332 1013 3406 Sunt
1041 3329 1124 3404 libri
1143 3353 1288 3405 novem.
1340 3332 1482 3405 Decimi
1498 3330 1580 3405 loco
1605 3334 1710 3426 poni·

85 3444 145 3509 tur
169 3440 280 3526 caput
302 3428 462 3524 primum
488 3453 534 3503 ex
565 3425 657 3500 Anti
672 3465 689 3482 ·
705 3426 908 3503 Claudiano
935 3425 1044 3503 Alani
1069 3425 1107 3501 us
1132 3427 1395 3522 subscriptionis
1427 3427 1509 3502 loco
1547 3430 1710 3523 capitum

85 3551 223 3627 nouem
244 3524 466 3624 sequentium
481 3536 696 3622 argumenta
710 3523 952 3606 recensentur.
1002 3522 1258 3599 Terminantur
1281 3527 1362 3601 haec
1381 3526 1418 3601 in
1437 3526 1561 3602 aversa
1576 3524 1711 3623 pagina

87 3628 170 3706 solii
195 3623 505 3721 t.·quaternionts
531 3623 583 3697 Nl.
921 3661 925 3671 ·
1125 3651 1129 3658 ·

251 3742 331 3820 349.
359 3719 505 3817 incipiit
535 3717 746 3815 cotemplcsies
766 3716 959 3819 sleuotifflme
980 3741 1040 3814 per
1065 3757 1103 3774 -
1124 3709 1298 3821 Jolsinem
1326 3717 1367 3793 de
1401 3731 1639 3796 turrecremata
1664 3762 1713 3775 -

89 3823 175 3902 stin
205 3831 286 3917 otq3
324 3819 360 3892 in
394 3814 577 3915 parietibus
602 3819 759 3896 circuitus
792 3817 909 3893 Marie
943 3822 1148 3892 44144444-
1172 3815 1302 3912 depille.
1343 3819 1380 3892 in
1407 3817 1482 3891 Fol.
1546 3817 1712 3895 Charast.

90 3922 194 4020 goth.
219 3920 342 4004 rudiS,
362 3916 453 3991 ¹coll.
474 3943 507 3990 2.
530 3915 603 3990 sine
623 3916 754 3991 custod.
772 3914 895 4012 fignat.
915 3941 1013 3992 num.
1033 3916 1109 3991 foll.
1136 3915 1316 3995 columnae
1341 3916 1495 4009 integrae
1521 3918 1637 3991 lineas
1654 3934 1714 4012 38.

93 4018 291 4096 continent.
343 4013 574 4092 Terminatur
597 4014 635 4089 in
662 4015 832 4090 columna
861 4041 892 4090 2.
926 4015 1002 4089 solii
1040 4038 1096 4109 15.
1124 4013 1197 4090 fine
1225 4011 1295 4090 ulla
1330 4013 1582 4110 subscriptione.
1630 4016 1716 4090 Me·
1811 4075 1815 4082 ,

92 4129 260 4195 moratur
283 4123 429 4285 tuillium
452 4114 534 4190 lsaec
567 4113 679 4190 editio
716 4135 738 4189 a
767 4110 889 4189 Braun
917 4112 958 4188 P.
981 4113 1007 4189 1.
1040 4135 1122 4210 pag.
1157 4119 1216 4198 63.
1282 4111 1435 4190 Videtur
1462 4113 1558 4190 circa
1579 4136 1718 4190 annum

94 4230 113 4292 1
167 4241 202 4289 o.
252 4235 330 4285 ror
369 4234 400 4283 e.
930 4265 933 4273 .
1069 4270 1073 4281 ,

118 4239 164 4312 47
228 4236 250 4310 p
265 4331 345 4396 350·
378 4306 559 4382 Dominici
590 4307 737 4381 Bollani
762 4305 840 4382 Art.
865 4305 904 4384 &
928 4304 1130 4404 philosoph.
1155 4305 1258 4382 Deli.
1282 4306 1725 4405 TratiatusdeConcep·⁴

94 4407 273 4485 tione'B.
308 4407 436 4489 Mariae
461 4405 565 4500 Virg.
605 4406 755 4480 Nicolao
790 4405 965 4481 Marcello
996 4402 1230 4484 Veneriorum
1270 4405 1363 4478 Duci
1395 4406 1547 4481 dicatus.
1575 4406 1613 4480 in
1642 4405 1717 4481 Ful.
1811 4489 1813 4493 Α

92 4505 205 4584 Praeit
229 4503 429 4578 Dedicatio.
499 4501 671 4584 cheralt.
703 4527 845 4587 roman.
876 4501 952 4582 fine
969 4503 1117 4595 custod,
1150 4500 1555 4604 ugnot.&num.f011.
1583 4504 1722 4579 constat

151 4599 322 4731 Seemlller
344 4597 441 4699 Fuso.
461 4595 537 4696 sss.
617 4618 621 4625 ·
746 4615 767 4703 J
928 4599 961 4683 Τ·
1068 4626 1097 4722 J
1147 4624 1150 4629 ·
1571 4598 1673 4679 soliis
