3644 4964
639 152 1074 305 1ΞΞᾺῈΞ---Ξ
1289 296 1294 305 ,
1634 224 1721 322 117

90 389 170 494 Joh.
192 389 300 469 Prssls
322 385 540 487 Argentinae
561 387 743 490 impreffit.
793 386 944 470 Litterae
970 392 1083 469 etiam
1112 389 1265 490 majoris
1294 392 1478 491 alphabeti
1500 395 1539 473 in
1560 404 1728 497 utroque,

88 497 159 569 hoc
185 514 296 588 opere
321 493 462 565 eaedem
490 491 580 565 sunt.
632 493 808 569 Ceterum
829 492 1029 567 editionem
1051 493 1147 568 hanc
1170 495 1378 570 excitarunt
1410 496 1522 574 etiam
1552 492 1649 573 Gem.
1678 519 1716 596 p.

91 598 173 688 267.
199 589 238 666 ἀ
260 587 369 662 Denis
391 586 510 685 Suppl.
532 612 567 685 p.
590 595 673 685 469.
1054 618 1058 627 ’

249 711 311 781 54.·
335 683 438 760 Dibio
458 682 762 785 (commentaria)
787 685 918 761 iolninis
932 683 1076 785 syntlrm
1093 683 1199 786 super
1270 688 1338 764 imo
1364 699 1464 788 parte
1494 688 1588 768 alex.
1607 691 1717 772 andri

88 784 133 860 de
151 785 248 864 lulla
269 785 349 861 Dei.
377 783 503 860 'Driio
529 827 572 841 -
588 784 693 884 snper
708 783 802 861 Scil'o
819 797 919 884 parre
940 784 1048 861 Alex.
1099 783 1211 881 Subje
1245 810 1268 863 a
1290 789 1342 865 est
1363 789 1447 863 huic
1465 789 1574 865 titulo
1597 789 1717 887 figura

86 883 189 980 ligno
210 882 335 969 incisa,
362 880 467 979 cujus
494 885 645 960 memini
669 881 716 962 ad
741 907 840 960 uum.
862 905 969 981 praec.
992 886 1030 959 iu
1050 900 1083 970 8.
1108 882 1204 960 Voll.
1230 908 1263 963 n.
1315 885 1480 964 Chatast.
1503 889 1605 983 goth.
1627 913 1716 969 cum

86 981 212 1077 fignat.
235 978 306 1056 sine
331 981 464 1056 custod.
490 982 529 1059 δι
553 1007 652 1059 num.
676 981 754 1058 foll.
834 978 896 1057 Ad
920 983 1060 1057 calcem
1086 983 1111 1056 Ι.
1136 981 1257 1059 Ρεπῐίε
1283 985 1371 1060 folio
1389 1001 1422 1071 8.
1448 986 1545 1078 teiio
1567 997 1716 1083 quater·

85 1080 205 1154 uioiris
223 1077 278 1163 ἒς
303 1077 421 1158 liminii
447 1122 491 1139 -
517 1080 715 1180 impreffnp
750 1078 921 1181 industria
947 1076 1090 1184 Joiini
1115 1075 1216 1190 Prirfl
1243 1085 1411 1180 argentini.
1433 1082 1539 1159 Anno
1566 1081 1637 1159 dni.
1657 1085 1715 1164 M.

86 1201 181 1253 cccc.
193 1177 290 1251 xcix.
319 1177 413 1274 xiiij.
441 1176 495 1253 ulie
520 1180 633 1279 mmsts
657 1173 797 1279 Morlij.
863 1178 967 1254 Folio
996 1201 1031 1271 7.
1057 1179 1159 1253 verso
1186 1182 1434 1276 quaternionis
1463 1205 1503 1257 r:
1543 1179 1639 1258 I‘inil
1658 1181 1715 1260 nie

87 1275 195 1396 Gloso
219 1275 304 1377 (sic)
325 1274 430 1453 [Ἤν
452 1276 622 1393 secundn·'
633 1293 732 1379 parte
762 1318 811 1334 -
844 1275 1009 1392 Impraſjn
1033 1278 1207 1452 argentine
1221 1303 1261 1385 p
1285 1279 1448 1381 industrii
1474 1281 1535 1363 vin
1554 1279 1718 1358 Ioannem

80 1373 191 1571 ms.
206 1372 333 1547 &gaug
347 1482 381 1558 8'
401 1398 539 1549 estcccc.
557 1399 657 1455 xcrx.
705 1378 843 1454 -Habet
869 1374 974 1451 Dmn
999 1397 1038 1451 ru
1092 1374 1184 1475 appr.
1218 1399 1253 1474 p.
1277 1400 1362 1476 475.
1387 1377 1457 1476 seq.
1482 1377 1618 1457 Forma
1637 1403 1715 1461 non

70 1654 77 1677 ,
250 1582 307 1677 ςς’.
333 1585 514 1686 Elegantia
532 1589 675 1666 minores
698 1587 882 1691 Augustini
902 1546 986 1664 ioli.
1013 1589 1053 1664 in
1076 1613 1112 1688 4.
1162 1587 1327 1666 Charaii.
1349 1588 1452 1686 goth.
1474 1612 1560 1667 cum
1584 1589 1713 1690 signat.

77 1711 115 1766 a.
132 1687 170 1764 b.
197 1689 404 1783 quaternis,
426 1687 470 1764 ·&
493 1712 524 1763 c.
545 1688 703 1773 duerno‚
731 1688 804 1764 line
823 1686 956 1764 custod.
979 1686 1018 1764 δι
1039 1710 1139 1765 uum.
1167 1687 1243 1763 foll.
1306 1688 1409 1763 Folio
1433 1710 1469 1782 4.
1489 1688 1585 1767 resto
1603 1694 1715 1767 duer-

75 1790 121 1864 ni
148 1810 191 1862 c:
214 1782 397 1886 Augustini
418 1784 511 1860 Doti
533 1828 579 1839 -
602 1784 733 1862 libellus
759 1829 803 1842 --
830 1784 1026 1883 Explicatis
1051 1790 1103 1883 est.
1130 1783 1324 1900 impreffnm
1361 1786 1488 1863 Uienne
1516 1812 1539 1879 p
1572 1787 1713 1866 iolmnni

72 1881 322 2064 giltintarbtnrg.
352 1906 441 1959 anno
464 1882 592 1959 domini
620 1910 726 1983 1499.-
773 1883 882 1960 Denis
912 1884 1046 1961 necin
1082 1883 1194 1962 Wrm.
1227 1908 1297 1962 uec
1320 1884 1358 1961 in
1380 1873 1627 1986 supprimo
1646 1888 1715 1968 ha·

105 2011 128 2062 e
170 2005 381 2069 erronem.

248 2104 304 2195 5⁶·
330 2098 410 2198 Joh.
438 2098 547 2196 Bapt.·
572 2097 804 2176 Trovamalae
827 2099 903 2176 ord.
929 2100 1019 2179 min.
1054 2099 1208 2178 Summa
1226 2097 1391 2186 casuum,
1420 2099 1564 2177 Rolella
1587 2099 1715 2203 adpel-

78 2201 173 2278 lata.
198 2198 238 2272 in
263 2211 296 2284 8.
370 2198 539 2275 Praeeunt
562 2200 782 2295 epigramma
814 2196 879 2273 Aa
907 2212 1104 2296 emptorem,
1130 2199 1169 2275 ἂ
1194 2198 1347 2282 tabulae,
1369 2197 1527 2294 ¹aliaque
1551 2196 1627 2274 foll.
1654 2224 1716 2296 ¹4·

80 2297 165 2384 Fol,
192 2323 204 2370 ι
212 2319 254 2391 5,
280 2295 378 2392 quod
399 2294 495 2370 inter
515 2310 703 2372 numerata
731 2299 885 2394 primum
910 2296 977 2386 est,
1006 2319 1098 2393 opus
1118 2298 1256 2394 incipit.
1321 2296 1483 2371 Charatt.
1512 2299 1613 2394 goth.
1642 2298 1714 2374 mi·

80 2392 206 2474 nutill.
228 2418 311 2470 cum
334 2391 461 2489 fignat.
485 2393 523 2471 ἀ
545 2417 645 2468 num.
663 2395 737 2470 foll.
759 2395 829 2468 siue
849 2395 984 2470 custod.
1034 2394 1138 2471 Folio
1155 2420 1241 2491 479.
1264 2392 1361 2468 recto
1376 2392 1546 2469 culumna
1562 2418 1604 2469 o:
1631 2394 1713 2471 Ex·

76 2493 182 2597 prlicit
197 2491 298 2592 fimo
321 2490 460 2589 Rojello,
479 2499 520 2566 cri
541 2495 689 2566 maximo
702 2490 813 2593 fludio
836 2493 1018 2567 emendato.
1051 2491 1199 2569 Ueneriis
1216 2489 1368 2589 imprrffla
1398 2514 1462 2589 per
1495 2490 1711 2592 Paganinum

82 2592 128 2668 lle
147 2592 341 2690 pogoninis.
366 2587 471 2664 Anno
497 2590 634 2665 domini.
662 2592 713 2666 M.
725 2614 821 2666 cccc.
832 2592 931 2664 xcix.
955 2590 1008 2665 die
1025 2615 1114 2672 veru.
1135 2591 1211 2664 xxi.
1226 2586 1315 2688 (21)
1332 2584 1523 2673 decembris.
1549 2615 1635 2669 curn
1654 2616 1714 2669 re·

82 2691 182 2792 gistr.
208 2691 325 2766 chart.
377 2689 482 2764 Conf.
506 2689 617 2763 Helm.
638 2690 663 2765 I.
690 2714 724 2787 p.
749 2714 829 2783 192.
859 2687 976 2765 Weisl.
1003 2714 1036 2788 p.
1057 2709 1139 2790 731.
1168 2686 1271 2763 Lam
1296 2711 1331 2785 p.
1357 2709 1436 2785 140.

84 2799 1714 3005 alanni{nsiiiiiisiiiiiiniiaiiiiifflqiiiiiiiiil'liiiiiiiiiiiilii.

87 2999 167 3078 buln
184 3001 335 3098 insertus.
361 3001 399 3076 in
425 3019 458 3086 8.
510 3001 673 3080 Charali.
697 3000 800 3098 goth.
825 3024 911 3078 cum
937 3001 1064 3098 signat.
1095 3000 1135 3081 &
1167 3024 1267 3077 num.
1296 2999 1368 3093 loli
1421 3000 1462 3075 lu
1482 3001 1654 3079 columna
1674 3029 1711 3101 4.

85 3100 164 3178 folii
196 3122 274 3198 154.
299 3098 381 3174 finit
399 3121 492 3196 opus
515 3098 709 3200 Impreffirm
739 3097 897 3177 Ueneriis.
924 3099 1029 3176 Anno
1044 3097 1205 3174 dominice
1224 3099 1466 3174 incarnationis
1492 3124 1594 3196 1499·
1630 3099 1666 3178 Τ
1659 3126 1713 3178 er·

85 3203 136 3275 tio
159 3196 319 3301 kalendar
340 3196 493 3295 Apriles.
519 3223 604 3275 cum
622 3198 757 3296 registr.
779 3200 903 3276 Chart.
953 3201 1097 3287 Editio,
1122 3214 1164 3275 ut
1189 3200 1357 3287 videtur,
1380 3199 1580 3293 incognita.

253 3315 309 3402 58.
335 3313 475 3400 Prima,
498 3313 537 3392 δι
562 3313 714 3390 secunda
735 3314 825 3389 Pars
845 3315 1008 3391 Leiiurae
1030 3317 1066 3390 in
1090 3316 1240 3392 Librum
1266 3313 1327 3390 Vl.
1358 3314 1541 3389 decretal.¹
1558 3313 1734 3411 Philippi

87 3409 256 3488 Fraochi.
287 3410 363 3487 Fol.
388 3410 473 3488 ma‘.
516 3411 680 3488 Charalt.
718 3411 821 3508 goth.
855 3435 940 3487 cum
971 3411 1097 3508 signat.
1127 3413 1258 3489 custod.
1288 3411 1326 3489 ὃ(
1354 3434 1454 3486 uum.
1481 3411 1559 3487 foll.
1609 3410 1714 3487 Folio
1756 3473 1761 3478 .

87 3509 257 3586 CXXXL
284 3509 353 3585 col.
376 3535 408 3587 2.
435 3434 553 3584 inimo
570 3535 656 3609 pars
679 3552 717 3564 -
738 3509 835 3605 fine3
860 3511 972 3605 tetigit
994 3550 1044 3569 -
1066 3508 1228 3610 Impreffo
1270 3508 1417 3587 Ueneriis
1495 3505 1715 3618 Bernorrlinni

87 3608 281 3686 Bmoliam.
332 3609 424 3684 Pars
446 3622 570 3685 autem
595 3608 749 3683 secunda
779 3609 999 3682 terminatur
1029 3608 1200 3684 columna
1224 3632 1257 3683 o.
1286 3607 1423 3685 soliiC
1457 3605 1517 3682 VI.
1558 3602 1716 3681 Accedrt

89 3728 180 3782 vero
198 3707 337 3792 tabula,
366 3729 448 3803 quae
468 3708 506 3786 ὅ(
526 3708 676 3803 sequens
698 3706 827 3784 folium
853 3721 1016 3803 occupat.
1081 3705 1142 3782 Ad
1168 3705 1278 3800 hujus
1299 3706 1437 3783 calcem
1459 3703 1608 3799 legitur:
1634 3701 1715 3777 Ex-

10 3812 16 3819 '
87 3804 187 3904 plicit
215 3850 254 3861 -
291 3803 503 3905 Imprcffitm,
535 3805 700 3882 Ueneriis:
731 3807 820 3879 miro
843 3804 988 3902 impcnfit
1002 3802 1175 3902 Froncrsci
1197 3803 1386 3902 Bibliopole
1410 3802 1451 3877 de
1475 3796 1628 3897 Parosta:
1655 3823 1715 3876 nec

90 3928 157 3979 non
181 3902 392 3979 Bernordini
417 3903 572 4001 Benolij:
604 3902 697 3980 Coro
721 3944 767 3958 -
797 3905 899 4002 ipstus
921 3904 1131 3979 anordini
1150 3901 1298 3999 Benolij.
1351 3901 1434 3977 Cum
1453 3901 1636 3998 priuilegio
1664 3940 1713 3955 -
1769 3917 1772 3923 '

90 4026 153 4099 per
174 4003 344 4097 decening.
374 4041 413 4060 ·-
439 4001 545 4078 Anno
570 4002 654 4078 Dii.
683 4003 934 4081 Mccccxcix.
966 4027 1050 4078 cum
1073 4002 1210 4098 registr.
1237 4004 1354 4076 chart.
1405 3997 1561 4075 Accedit
1581 3997 1717 4097 repeti·

91 4101 147 4175 tio
167 4099 339 4176 Rubricae
363 4102 410 4175 de
430 4100 658 4177 testamentis
678 4099 725 4176 src
752 4122 841 4178 vere
855 4101 902 4177 ad
921 4103 1071 4178 verbum
1086 4098 1269 4200 impressa,
1295 4112 1339 4175 ut
1352 4088 1562 4174 continetur
1577 4096 1616 4174 in
1633 4118 1718 4196 par·

90 4208 131 4274 te
156 4196 311 4274 secunda
332 4198 438 4295 ipius
466 4202 588 4297 operis
611 4201 707 4275 inter
731 4215 873 4276 ceteras
899 4200 1071 4275 rubricas.

80 4409 142 4485 ,d
181 4412 188 4429 ⁸
257 4337 313 4410 59·
405 4314 595 4488 &ipim
616 4313 939 4435 acalrffimi-(lomini
965 4292 1115 4488 Plafy'ppff
1134 4310 1290 4487 lla'mncfip
1311 4309 1523 4487 (ἔργα.
1571 4307 1718 4483 ζώω

90 4417 435 4617 infatua.
451 4427 526 4591 su
539 4414 790 4594 aulul
811 4414 1455 4610 turris-...iaumna
1481 4507 1720 4704 ..sm
