<?xml version="1.0" encoding="UTF-8"?>
<!DOCTYPE html PUBLIC "-//W3C//DTD XHTML 1.0 Transitional//EN"
    "http://www.w3.org/TR/xhtml1/DTD/xhtml1-transitional.dtd">
<html xmlns="http://www.w3.org/1999/xhtml" xml:lang="en" lang="en">
 <head>
  <title>
</title>
<meta http-equiv="Content-Type" content="text/html;charset=utf-8" />
  <meta name='ocr-system' content='tesseract 3.04.00' />
  <meta name='ocr-capabilities' content='ocr_page ocr_carea ocr_par ocr_line ocrx_word'/>
</head>
<body>
  <div class='ocr_page' id='page_1' title='image "./bibliothecacade00seemgoog_0012.png"; bbox 0 0 3644 4964; ppageno 0'>
   <div class='ocr_carea' id='block_1_1' title="bbox 354 74 1612 296">
    <p class='ocr_par' dir='ltr' id='par_1_1' title="bbox 354 74 1612 296">
     <span class='ocr_line' id='line_1_1' title="bbox 354 74 1612 296; baseline 0.001 -71"><span class='ocrx_word' id='word_1_1' title='bbox 354 74 1367 296; x_wconf 77' lang='lat' dir='ltr'>2PRAEFAT10.</span> <span class='ocrx_word' id='word_1_2' title='bbox 1604 150 1612 157; x_wconf 94' lang='lat'>-</span> 
     </span>
    </p>
   </div>
   <div class='ocr_carea' id='block_1_2' title="bbox 102 751 1821 4602">
    <p class='ocr_par' dir='ltr' id='par_1_2' title="bbox 102 751 1816 4602">
     <span class='ocr_line' id='line_1_2' title="bbox 102 751 1742 976; baseline 0.002 -27"><span class='ocrx_word' id='word_1_3' title='bbox 102 751 393 959; x_wconf 79' lang='lat' dir='ltr'>Tertius</span> <span class='ocrx_word' id='word_1_4' title='bbox 376 853 457 947; x_wconf 85' lang='lat' dir='ltr'>isle</span> <span class='ocrx_word' id='word_1_5' title='bbox 489 851 745 951; x_wconf 78' lang='lat' dir='ltr'>Fasciculus</span> <span class='ocrx_word' id='word_1_6' title='bbox 785 818 995 975; x_wconf 73' lang='lat' dir='ltr'>magnum</span> <span class='ocrx_word' id='word_1_7' title='bbox 1029 855 1341 976; x_wconf 76' lang='lat' dir='ltr'>compleslitur</span> <span class='ocrx_word' id='word_1_8' title='bbox 1375 851 1586 949; x_wconf 90' lang='lat' dir='ltr'>librorum</span> <span class='ocrx_word' id='word_1_9' title='bbox 1628 856 1742 952; x_wconf 71' lang='lat' dir='ltr'>intro</span> 
     </span>
     <span class='ocr_line' id='line_1_3' title="bbox 104 982 1821 1129; baseline 0 -27"><span class='ocrx_word' id='word_1_10' title='bbox 104 987 362 1107; x_wconf 83' lang='lat' dir='ltr'>sexennium</span> <span class='ocrx_word' id='word_1_11' title='bbox 390 1009 445 1099; x_wconf 86' lang='lat' dir='ltr'>ab</span> <span class='ocrx_word' id='word_1_12' title='bbox 477 1036 591 1101; x_wconf 85' lang='lat' dir='ltr'>anno</span> <span class='ocrx_word' id='word_1_13' title='bbox 621 1026 958 1129; x_wconf 70' lang='lat'>1484-1489.</span> <span class='ocrx_word' id='word_1_14' title='bbox 988 1008 1286 1126; x_wconf 81' lang='lat' dir='ltr'>impressorum</span> <span class='ocrx_word' id='word_1_15' title='bbox 1325 1012 1516 1127; x_wconf 77' lang='lat' dir='ltr'>copiam.</span> <span class='ocrx_word' id='word_1_16' title='bbox 1577 982 1821 1116; x_wconf 77' lang='lat' dir='ltr'>Quum·</span> 
     </span>
     <span class='ocr_line' id='line_1_4' title="bbox 112 1157 1743 1283; baseline 0.002 -31"><span class='ocrx_word' id='word_1_17' title='bbox 112 1189 245 1281; x_wconf 85' lang='lat' dir='ltr'>quom</span> <span class='ocrx_word' id='word_1_18' title='bbox 272 1189 381 1253; x_wconf 89' lang='lat' dir='ltr'>vero</span> <span class='ocrx_word' id='word_1_19' title='bbox 409 1162 523 1255; x_wconf 89' lang='lat' dir='ltr'>inter</span> <span class='ocrx_word' id='word_1_20' title='bbox 545 1163 628 1256; x_wconf 82' lang='lat' dir='ltr'>isos</span> <span class='ocrx_word' id='word_1_21' title='bbox 656 1192 749 1256; x_wconf 90' lang='lat' dir='ltr'>non</span> <span class='ocrx_word' id='word_1_22' title='bbox 780 1165 910 1283; x_wconf 82' lang='lat' dir='ltr'>pauci</span> <span class='ocrx_word' id='word_1_23' title='bbox 944 1161 1151 1272; x_wconf 79' lang='lat' dir='ltr'>exiliunt,</span> <span class='ocrx_word' id='word_1_24' title='bbox 1188 1163 1262 1280; x_wconf 91' lang='lat' dir='ltr'>qui</span> <span class='ocrx_word' id='word_1_25' title='bbox 1288 1157 1479 1280; x_wconf 73' lang='lat' dir='ltr'>spedista</span> <span class='ocrx_word' id='word_1_26' title='bbox 1502 1163 1743 1277; x_wconf 79' lang='lat' dir='ltr'>argumenti</span> 
     </span>
     <span class='ocr_line' id='line_1_5' title="bbox 111 1314 1746 1435; baseline -0.001 -29"><span class='ocrx_word' id='word_1_27' title='bbox 111 1314 288 1406; x_wconf 82' lang='lat' dir='ltr'>ratione</span> <span class='ocrx_word' id='word_1_28' title='bbox 321 1315 458 1408; x_wconf 89' lang='lat' dir='ltr'>hodie</span> <span class='ocrx_word' id='word_1_29' title='bbox 497 1317 676 1435; x_wconf 90' lang='lat' dir='ltr'>quidem</span> <span class='ocrx_word' id='word_1_30' title='bbox 703 1317 780 1410; x_wconf 86' lang='lat' dir='ltr'>vix</span> <span class='ocrx_word' id='word_1_31' title='bbox 808 1315 928 1409; x_wconf 69' lang='lat' dir='ltr'>sessu</span> <span class='ocrx_word' id='word_1_32' title='bbox 962 1315 1082 1430; x_wconf 83' lang='lat' dir='ltr'>digni</span> <span class='ocrx_word' id='word_1_33' title='bbox 1102 1314 1383 1430; x_wconf 75' lang='lat' dir='ltr'>judicantur:</span> <span class='ocrx_word' id='word_1_34' title='bbox 1418 1337 1655 1425; x_wconf 89' lang='lat' dir='ltr'>occurrunt</span> <span class='ocrx_word' id='word_1_35' title='bbox 1678 1335 1746 1405; x_wconf 85' lang='lat' dir='ltr'>tn·</span> 
     </span>
     <span class='ocr_line' id='line_1_6' title="bbox 113 1458 1743 1588; baseline 0 -30"><span class='ocrx_word' id='word_1_36' title='bbox 113 1491 216 1558; x_wconf 90' lang='lat' dir='ltr'>men</span> <span class='ocrx_word' id='word_1_37' title='bbox 242 1465 371 1556; x_wconf 80' lang='lat' dir='ltr'>eiam</span> <span class='ocrx_word' id='word_1_38' title='bbox 397 1469 746 1585; x_wconf 86' lang='lat' dir='ltr'>quamplurimi,</span> <span class='ocrx_word' id='word_1_39' title='bbox 774 1469 849 1588; x_wconf 91' lang='lat' dir='ltr'>qui</span> <span class='ocrx_word' id='word_1_40' title='bbox 875 1467 934 1556; x_wconf 92' lang='lat' dir='ltr'>ob</span> <span class='ocrx_word' id='word_1_41' title='bbox 954 1465 1083 1584; x_wconf 86' lang='lat' dir='ltr'>ipsrus</span> <span class='ocrx_word' id='word_1_42' title='bbox 1108 1468 1346 1581; x_wconf 77' lang='lat' dir='ltr'>argumenti</span> <span class='ocrx_word' id='word_1_43' title='bbox 1367 1458 1621 1580; x_wconf 68' lang='lat' dir='ltr'>dignitatem</span> <span class='ocrx_word' id='word_1_44' title='bbox 1638 1495 1743 1585; x_wconf 82' lang='lat' dir='ltr'>prae·</span> 
     </span>
     <span class='ocr_line' id='line_1_7' title="bbox 107 1614 1746 1738; baseline 0.002 -30"><span class='ocrx_word' id='word_1_45' title='bbox 107 1618 247 1734; x_wconf 87' lang='lat' dir='ltr'>cipue</span> <span class='ocrx_word' id='word_1_46' title='bbox 264 1620 564 1710; x_wconf 83' lang='lat' dir='ltr'>commendari</span> <span class='ocrx_word' id='word_1_47' title='bbox 587 1641 819 1712; x_wconf 86' lang='lat' dir='ltr'>merentur.</span> <span class='ocrx_word' id='word_1_48' title='bbox 875 1614 976 1710; x_wconf 84' lang='lat' dir='ltr'>Nec</span> <span class='ocrx_word' id='word_1_49' title='bbox 997 1617 1119 1726; x_wconf 83' lang='lat' dir='ltr'>lune,</span> <span class='ocrx_word' id='word_1_50' title='bbox 1150 1618 1178 1707; x_wconf 85' lang='lat' dir='ltr'>fi</span> <span class='ocrx_word' id='word_1_51' title='bbox 1202 1616 1343 1733; x_wconf 85' lang='lat' dir='ltr'>major</span> <span class='ocrx_word' id='word_1_52' title='bbox 1366 1615 1469 1709; x_wconf 86' lang='lat' dir='ltr'>esset</span> <span class='ocrx_word' id='word_1_53' title='bbox 1491 1622 1625 1738; x_wconf 82' lang='lat' dir='ltr'>copia</span> <span class='ocrx_word' id='word_1_54' title='bbox 1651 1621 1746 1711; x_wconf 89' lang='lat' dir='ltr'>inu·</span> 
     </span>
     <span class='ocr_line' id='line_1_8' title="bbox 110 1769 1744 1891; baseline 0.004 -34"><span class='ocrx_word' id='word_1_55' title='bbox 110 1769 281 1878; x_wconf 90' lang='lat' dir='ltr'>tilium,</span> <span class='ocrx_word' id='word_1_56' title='bbox 331 1781 460 1888; x_wconf 74' lang='lat' dir='ltr'>quam</span> <span class='ocrx_word' id='word_1_57' title='bbox 481 1773 665 1864; x_wconf 85' lang='lat' dir='ltr'>utilium¹</span> <span class='ocrx_word' id='word_1_58' title='bbox 679 1773 913 1880; x_wconf 86' lang='lat' dir='ltr'>librorum,</span> <span class='ocrx_word' id='word_1_59' title='bbox 942 1771 1060 1861; x_wconf 81' lang='lat' dir='ltr'>haud</span> <span class='ocrx_word' id='word_1_60' title='bbox 1085 1792 1256 1880; x_wconf 78' lang='lat' dir='ltr'>tamen,</span> <span class='ocrx_word' id='word_1_61' title='bbox 1285 1793 1417 1887; x_wconf 88' lang='lat' dir='ltr'>puto,</span> <span class='ocrx_word' id='word_1_62' title='bbox 1451 1773 1563 1891; x_wconf 74' lang='lat' dir='ltr'>aequi</span> <span class='ocrx_word' id='word_1_63' title='bbox 1593 1771 1744 1863; x_wconf 68' lang='lat' dir='ltr'>censo</span> 
     </span>
     <span class='ocr_line' id='line_1_9' title="bbox 112 1922 1755 2044; baseline 0.003 -33"><span class='ocrx_word' id='word_1_64' title='bbox 112 1947 185 2011; x_wconf 87' lang='lat' dir='ltr'>res</span> <span class='ocrx_word' id='word_1_65' title='bbox 212 1923 258 2012; x_wconf 91' lang='lat' dir='ltr'>id</span> <span class='ocrx_word' id='word_1_66' title='bbox 284 1922 391 2012; x_wconf 88' lang='lat' dir='ltr'>mihi</span> <span class='ocrx_word' id='word_1_67' title='bbox 419 1923 708 2041; x_wconf 81' lang='lat' dir='ltr'><strong>imputarent,</strong></span> <span class='ocrx_word' id='word_1_68' title='bbox 740 1922 816 2044; x_wconf 91' lang='lat' dir='ltr'>qui</span> <span class='ocrx_word' id='word_1_69' title='bbox 844 1944 1014 2015; x_wconf 82' lang='lat' dir='ltr'>tantum</span> <span class='ocrx_word' id='word_1_70' title='bbox 1048 1922 1229 2014; x_wconf 83' lang='lat' dir='ltr'>notitias</span> <span class='ocrx_word' id='word_1_71' title='bbox 1255 1925 1466 2016; x_wconf 87' lang='lat' dir='ltr'>librorum</span> <span class='ocrx_word' id='word_1_72' title='bbox 1502 1928 1618 2043; x_wconf 82' lang='lat' dir='ltr'>apud</span> <span class='ocrx_word' id='word_1_73' title='bbox 1659 1953 1755 2016; x_wconf 89' lang='lat' dir='ltr'>nos</span> 
     </span>
     <span class='ocr_line' id='line_1_10' title="bbox 113 2071 1747 2197; baseline 0.004 -37"><span class='ocrx_word' id='word_1_74' title='bbox 113 2071 377 2164; x_wconf 27' lang='lat' dir='ltr'>,exstantium</span> <span class='ocrx_word' id='word_1_75' title='bbox 406 2102 477 2165; x_wconf 92' lang='lat' dir='ltr'>me</span> <span class='ocrx_word' id='word_1_76' title='bbox 508 2078 705 2168; x_wconf 84' lang='lat' dir='ltr'>daturum</span> <span class='ocrx_word' id='word_1_77' title='bbox 731 2077 961 2197; x_wconf 85' lang='lat' dir='ltr'>pollicitus</span> <span class='ocrx_word' id='word_1_78' title='bbox 986 2072 1099 2183; x_wconf 84' lang='lat' dir='ltr'>sum,</span> <span class='ocrx_word' id='word_1_79' title='bbox 1131 2104 1238 2195; x_wconf 81' lang='lat' dir='ltr'>quas</span> <span class='ocrx_word' id='word_1_80' title='bbox 1263 2079 1465 2195; x_wconf 89' lang='lat' dir='ltr'>quidem,</span> <span class='ocrx_word' id='word_1_81' title='bbox 1492 2079 1608 2166; x_wconf 92' lang='lat' dir='ltr'>utin</span> <span class='ocrx_word' id='word_1_82' title='bbox 1642 2104 1747 2193; x_wconf 80' lang='lat' dir='ltr'>prae·</span> 
     </span>
     <span class='ocr_line' id='line_1_11' title="bbox 114 2217 1746 2347; baseline 0.004 -33"><span class='ocrx_word' id='word_1_83' title='bbox 114 2227 380 2315; x_wconf 74' lang='lat' dir='ltr'>cedentibus</span> <span class='ocrx_word' id='word_1_84' title='bbox 406 2229 578 2319; x_wconf 90' lang='lat' dir='ltr'>duobus</span> <span class='ocrx_word' id='word_1_85' title='bbox 607 2227 851 2340; x_wconf 80' lang='lat' dir='ltr'>fasciculis,</span> <span class='ocrx_word' id='word_1_86' title='bbox 887 2229 950 2339; x_wconf 82' lang='lat' dir='ltr'>ito</span> <span class='ocrx_word' id='word_1_87' title='bbox 979 2230 1115 2320; x_wconf 85' lang='lat' dir='ltr'>etianl</span> <span class='ocrx_word' id='word_1_88' title='bbox 1144 2230 1188 2319; x_wconf 91' lang='lat' dir='ltr'>in</span> <span class='ocrx_word' id='word_1_89' title='bbox 1216 2225 1413 2347; x_wconf 71' lang='lat' dir='ltr'>presenti</span> <span class='ocrx_word' id='word_1_90' title='bbox 1438 2217 1540 2320; x_wconf 76' lang='lat' dir='ltr'>dure</span> <span class='ocrx_word' id='word_1_91' title='bbox 1567 2231 1746 2321; x_wconf 84' lang='lat' dir='ltr'>adcura-</span> 
     </span>
     <span class='ocr_line' id='line_1_12' title="bbox 114 2373 1745 2498; baseline 0.003 -31"><span class='ocrx_word' id='word_1_92' title='bbox 114 2373 291 2468; x_wconf 85' lang='lat' dir='ltr'>tiffimas</span> <span class='ocrx_word' id='word_1_93' title='bbox 321 2403 506 2471; x_wconf 81' lang='lat' dir='ltr'>conatus</span> <span class='ocrx_word' id='word_1_94' title='bbox 531 2378 634 2472; x_wconf 89' lang='lat' dir='ltr'>sum.</span> <span class='ocrx_word' id='word_1_95' title='bbox 693 2386 831 2474; x_wconf 88' lang='lat' dir='ltr'>Addo</span> <span class='ocrx_word' id='word_1_96' title='bbox 853 2383 987 2472; x_wconf 84' lang='lat' dir='ltr'>etiarn</span> <span class='ocrx_word' id='word_1_97' title='bbox 1007 2383 1139 2488; x_wconf 86' lang='lat' dir='ltr'>illud,</span> <span class='ocrx_word' id='word_1_98' title='bbox 1167 2383 1287 2498; x_wconf 87' lang='lat' dir='ltr'>qnod</span> <span class='ocrx_word' id='word_1_99' title='bbox 1309 2404 1365 2471; x_wconf 84' lang='lat' dir='ltr'>ex</span> <span class='ocrx_word' id='word_1_100' title='bbox 1390 2382 1521 2470; x_wconf 89' lang='lat' dir='ltr'>certis</span> <span class='ocrx_word' id='word_1_101' title='bbox 1546 2379 1745 2472; x_wconf 84' lang='lat' dir='ltr'>observa-</span> 
     </span>
     <span class='ocr_line' id='line_1_13' title="bbox 113 2527 1747 2649; baseline 0.004 -33"><span class='ocrx_word' id='word_1_102' title='bbox 113 2527 312 2631; x_wconf 76' lang='lat' dir='ltr'>tionibus</span> <span class='ocrx_word' id='word_1_103' title='bbox 341 2534 528 2648; x_wconf 86' lang='lat' dir='ltr'>collegi,</span> <span class='ocrx_word' id='word_1_104' title='bbox 556 2536 694 2627; x_wconf 93' lang='lat' dir='ltr'>libros</span> <span class='ocrx_word' id='word_1_105' title='bbox 715 2534 894 2624; x_wconf 90' lang='lat' dir='ltr'>inutiles</span> <span class='ocrx_word' id='word_1_106' title='bbox 920 2557 1102 2623; x_wconf 90' lang='lat' dir='ltr'>numero</span> <span class='ocrx_word' id='word_1_107' title='bbox 1126 2535 1258 2645; x_wconf 85' lang='lat' dir='ltr'>louge</span> <span class='ocrx_word' id='word_1_108' title='bbox 1285 2530 1463 2644; x_wconf 82' lang='lat' dir='ltr'>majori,</span> <span class='ocrx_word' id='word_1_109' title='bbox 1496 2560 1623 2649; x_wconf 88' lang='lat' dir='ltr'>quam</span> <span class='ocrx_word' id='word_1_110' title='bbox 1662 2534 1747 2624; x_wconf 86' lang='lat' dir='ltr'>uti·</span> 
     </span>
     <span class='ocr_line' id='line_1_14' title="bbox 118 2681 1745 2803; baseline 0.002 -34"><span class='ocrx_word' id='word_1_111' title='bbox 118 2681 187 2770; x_wconf 90' lang='lat' dir='ltr'>les</span> <span class='ocrx_word' id='word_1_112' title='bbox 215 2683 385 2770; x_wconf 87' lang='lat' dir='ltr'>duobus</span> <span class='ocrx_word' id='word_1_113' title='bbox 422 2684 650 2799; x_wconf 86' lang='lat' dir='ltr'>postremis</span> <span class='ocrx_word' id='word_1_114' title='bbox 673 2681 816 2776; x_wconf 82' lang='lat' dir='ltr'>saeculi</span> <span class='ocrx_word' id='word_1_115' title='bbox 841 2684 1003 2777; x_wconf 89' lang='lat' dir='ltr'>decimi</span> <span class='ocrx_word' id='word_1_116' title='bbox 1035 2684 1177 2803; x_wconf 81' lang='lat' dir='ltr'>quinti</span> <span class='ocrx_word' id='word_1_117' title='bbox 1209 2684 1434 2773; x_wconf 86' lang='lat' dir='ltr'>decenniis</span> <span class='ocrx_word' id='word_1_118' title='bbox 1459 2683 1581 2774; x_wconf 87' lang='lat' dir='ltr'>suisle</span> <span class='ocrx_word' id='word_1_119' title='bbox 1612 2711 1745 2775; x_wconf 85' lang='lat' dir='ltr'>exou-</span> 
     </span>
     <span class='ocr_line' id='line_1_15' title="bbox 114 2815 1745 2956; baseline 0.003 -32"><span class='ocrx_word' id='word_1_120' title='bbox 114 2830 205 2930; x_wconf 84' lang='lat' dir='ltr'>sos.</span> <span class='ocrx_word' id='word_1_121' title='bbox 281 2835 398 2924; x_wconf 78' lang='lat' dir='ltr'>Arte</span> <span class='ocrx_word' id='word_1_122' title='bbox 435 2835 552 2927; x_wconf 88' lang='lat' dir='ltr'>enim</span> <span class='ocrx_word' id='word_1_123' title='bbox 581 2815 928 2955; x_wconf 82' lang='lat' dir='ltr'>Typogruphica</span> <span class='ocrx_word' id='word_1_124' title='bbox 963 2820 1253 2956; x_wconf 85' lang='lat' dir='ltr'>peromnem</span> <span class='ocrx_word' id='word_1_125' title='bbox 1293 2835 1519 2953; x_wconf 84' lang='lat' dir='ltr'>Europum</span> <span class='ocrx_word' id='word_1_126' title='bbox 1549 2836 1745 2930; x_wconf 82' lang='lat' dir='ltr'>latiffime</span> 
     </span>
     <span class='ocr_line' id='line_1_16' title="bbox 115 2982 1747 3121; baseline 0.002 -45"><span class='ocrx_word' id='word_1_127' title='bbox 115 3004 358 3104; x_wconf 75' lang='lat' dir='ltr'>propnguta</span> <span class='ocrx_word' id='word_1_128' title='bbox 379 3011 478 3076; x_wconf 89' lang='lat' dir='ltr'>curn</span> <span class='ocrx_word' id='word_1_129' title='bbox 504 2989 793 3107; x_wconf 82' lang='lat' dir='ltr'>typographis</span> <span class='ocrx_word' id='word_1_130' title='bbox 829 3014 922 3121; x_wconf 76' lang='grc' dir='ltr'>ιιοιι</span> <span class='ocrx_word' id='word_1_131' title='bbox 950 2982 1120 3106; x_wconf 86' lang='lat' dir='ltr'>semper</span> <span class='ocrx_word' id='word_1_132' title='bbox 1146 2989 1297 3104; x_wconf 85' lang='lat' dir='ltr'>praesto</span> <span class='ocrx_word' id='word_1_133' title='bbox 1322 2985 1452 3079; x_wconf 82' lang='lat' dir='ltr'>essent</span> <span class='ocrx_word' id='word_1_134' title='bbox 1476 2989 1604 3077; x_wconf 87' lang='lat' dir='ltr'>bonae</span> <span class='ocrx_word' id='word_1_135' title='bbox 1631 3010 1747 3079; x_wconf 83' lang='lat' dir='ltr'>notae</span> 
     </span>
     <span class='ocr_line' id='line_1_17' title="bbox 118 3136 1800 3260; baseline 0.002 -31"><span class='ocrx_word' id='word_1_136' title='bbox 118 3138 245 3245; x_wconf 92' lang='lat' dir='ltr'>libri,</span> <span class='ocrx_word' id='word_1_137' title='bbox 276 3138 544 3228; x_wconf 84' lang='lat' dir='ltr'>excudendis</span> <span class='ocrx_word' id='word_1_138' title='bbox 568 3140 714 3231; x_wconf 89' lang='lat' dir='ltr'>obviis</span> <span class='ocrx_word' id='word_1_139' title='bbox 737 3140 1072 3260; x_wconf 89' lang='lat' dir='ltr'>quibuscunque</span> <span class='ocrx_word' id='word_1_140' title='bbox 1100 3143 1230 3255; x_wconf 84' lang='lat' dir='ltr'>genio</span> <span class='ocrx_word' id='word_1_141' title='bbox 1263 3140 1405 3231; x_wconf 81' lang='lat' dir='ltr'>saeculi</span> <span class='ocrx_word' id='word_1_142' title='bbox 1435 3143 1553 3231; x_wconf 91' lang='lat' dir='ltr'>illius</span> <span class='ocrx_word' id='word_1_143' title='bbox 1580 3136 1747 3259; x_wconf 86' lang='lat' dir='ltr'>praeler·</span> <span class='ocrx_word' id='word_1_144' title='bbox 1796 3172 1800 3177; x_wconf 90' lang='lat'>·</span> 
     </span>
     <span class='ocr_line' id='line_1_18' title="bbox 117 3288 1751 3420; baseline 0.002 -40"><span class='ocrx_word' id='word_1_145' title='bbox 117 3289 205 3380; x_wconf 87' lang='lat' dir='ltr'>tim</span> <span class='ocrx_word' id='word_1_146' title='bbox 233 3288 546 3398; x_wconf 78' lang='lat' dir='ltr'>arridentibus,</span> <span class='ocrx_word' id='word_1_147' title='bbox 577 3297 652 3384; x_wconf 87' lang='lat' dir='ltr'>vel</span> <span class='ocrx_word' id='word_1_148' title='bbox 671 3292 925 3411; x_wconf 77' lang='lat' dir='ltr'>compostis</span> <span class='ocrx_word' id='word_1_149' title='bbox 943 3291 997 3381; x_wconf 82' lang='lat' dir='ltr'>ab</span> <span class='ocrx_word' id='word_1_150' title='bbox 1020 3289 1295 3402; x_wconf 77' lang='lat' dir='ltr'>ausloribus,</span> <span class='ocrx_word' id='word_1_151' title='bbox 1330 3320 1512 3408; x_wconf 90' lang='lat' dir='ltr'>quorum</span> <span class='ocrx_word' id='word_1_152' title='bbox 1538 3317 1630 3384; x_wconf 92' lang='lat' dir='ltr'>tum</span> <span class='ocrx_word' id='word_1_153' title='bbox 1655 3294 1751 3420; x_wconf 12' lang='lat' dir='ltr'>qui-1</span> 
     </span>
     <span class='ocr_line' id='line_1_19' title="bbox 122 3437 1816 3569; baseline 0.002 -36"><span class='ocrx_word' id='word_1_154' title='bbox 122 3445 224 3534; x_wconf 87' lang='lat' dir='ltr'>dem</span> <span class='ocrx_word' id='word_1_155' title='bbox 252 3466 407 3557; x_wconf 79' lang='lat' dir='ltr'>magna</span> <span class='ocrx_word' id='word_1_156' title='bbox 431 3437 517 3532; x_wconf 89' lang='lat' dir='ltr'>fuit</span> <span class='ocrx_word' id='word_1_157' title='bbox 545 3441 753 3536; x_wconf 77' lang='lat' dir='ltr'>dodirinae</span> <span class='ocrx_word' id='word_1_158' title='bbox 778 3445 918 3556; x_wconf 78' lang='lat' dir='ltr'>fumo,</span> <span class='ocrx_word' id='word_1_159' title='bbox 945 3445 1213 3537; x_wconf 86' lang='lat' dir='ltr'>excudendis</span> <span class='ocrx_word' id='word_1_160' title='bbox 1235 3469 1414 3559; x_wconf 81' lang='lat' dir='ltr'>operam</span> <span class='ocrx_word' id='word_1_161' title='bbox 1434 3441 1551 3545; x_wconf 84' lang='lat' dir='ltr'>suam</span> <span class='ocrx_word' id='word_1_162' title='bbox 1570 3447 1747 3569; x_wconf 69' lang='lat' dir='ltr'>addire·</span> <span class='ocrx_word' id='word_1_163' title='bbox 1812 3515 1816 3525; x_wconf 86' lang='lat'><em>.</em></span> 
     </span>
     <span class='ocr_line' id='line_1_20' title="bbox 121 3590 1750 3710; baseline -0.002 -22"><span class='ocrx_word' id='word_1_164' title='bbox 121 3611 233 3688; x_wconf 88' lang='lat' dir='ltr'>runt.</span> <span class='ocrx_word' id='word_1_165' title='bbox 291 3590 485 3686; x_wconf 84' lang='lat' dir='ltr'>Demum</span> <span class='ocrx_word' id='word_1_166' title='bbox 505 3593 627 3685; x_wconf 89' lang='lat' dir='ltr'>libris</span> <span class='ocrx_word' id='word_1_167' title='bbox 651 3597 854 3688; x_wconf 91' lang='lat' dir='ltr'>omnibus</span> <span class='ocrx_word' id='word_1_168' title='bbox 874 3596 1045 3690; x_wconf 78' lang='lat' dir='ltr'>Saeculo</span> <span class='ocrx_word' id='word_1_169' title='bbox 1071 3595 1173 3694; x_wconf 81' lang='lat' dir='ltr'>XV.</span> <span class='ocrx_word' id='word_1_170' title='bbox 1204 3594 1392 3705; x_wconf 83' lang='lat' dir='ltr'>excufis,</span> <span class='ocrx_word' id='word_1_171' title='bbox 1417 3596 1532 3699; x_wconf 90' lang='lat' dir='ltr'>licet</span> <span class='ocrx_word' id='word_1_172' title='bbox 1552 3597 1605 3687; x_wconf 80' lang='lat' dir='ltr'>ab</span> <span class='ocrx_word' id='word_1_173' title='bbox 1620 3623 1750 3710; x_wconf 56' lang='lat' dir='ltr'>‘orgu-</span> 
     </span>
     <span class='ocr_line' id='line_1_21' title="bbox 121 3724 1749 3866; baseline 0.001 -27"><span class='ocrx_word' id='word_1_174' title='bbox 121 3724 274 3839; x_wconf 83' lang='lat' dir='ltr'>mento</span> <span class='ocrx_word' id='word_1_175' title='bbox 308 3747 741 3841; x_wconf 83' lang='lat' dir='ltr'>commendationem</span> <span class='ocrx_word' id='word_1_176' title='bbox 768 3751 931 3842; x_wconf 83' lang='lat' dir='ltr'>nullam</span> <span class='ocrx_word' id='word_1_177' title='bbox 954 3749 1166 3857; x_wconf 78' lang='lat' dir='ltr'>habeant,</span> <span class='ocrx_word' id='word_1_178' title='bbox 1203 3744 1324 3839; x_wconf 91' lang='lat' dir='ltr'>suum</span> <span class='ocrx_word' id='word_1_179' title='bbox 1354 3748 1542 3866; x_wconf 89' lang='lat' dir='ltr'>pretium</span> <span class='ocrx_word' id='word_1_180' title='bbox 1569 3749 1749 3841; x_wconf 87' lang='lat' dir='ltr'>minime</span> 
     </span>
     <span class='ocr_line' id='line_1_22' title="bbox 121 3872 1794 4020; baseline 0.004 -30"><span class='ocrx_word' id='word_1_181' title='bbox 121 3896 288 4009; x_wconf 78' lang='lat' dir='ltr'>deesse,</span> <span class='ocrx_word' id='word_1_182' title='bbox 312 3898 509 4017; x_wconf 92' lang='lat' dir='ltr'>pluribus</span> <span class='ocrx_word' id='word_1_183' title='bbox 533 3895 714 4020; x_wconf 81' lang='lat' dir='ltr'>exposui</span> <span class='ocrx_word' id='word_1_184' title='bbox 733 3901 778 3993; x_wconf 88' lang='lat' dir='ltr'>in</span> <span class='ocrx_word' id='word_1_185' title='bbox 800 3897 1057 4020; x_wconf 76' lang='lat' dir='ltr'>l’raesntione</span> <span class='ocrx_word' id='word_1_186' title='bbox 1081 3904 1137 3995; x_wconf 79' lang='lat' dir='ltr'>ud</span> <span class='ocrx_word' id='word_1_187' title='bbox 1149 3898 1190 3993; x_wconf 83' lang='lat' dir='ltr'>F</span> <span class='ocrx_word' id='word_1_188' title='bbox 1193 3884 1425 3993; x_wconf 76' lang='lat' dir='ltr'>asciculum</span> <span class='ocrx_word' id='word_1_189' title='bbox 1446 3898 1484 3993; x_wconf 91' lang='grc' dir='ltr'>Ι.</span> <span class='ocrx_word' id='word_1_190' title='bbox 1541 3901 1751 3997; x_wconf 83' lang='lat' dir='ltr'>Ceterum</span> <span class='ocrx_word' id='word_1_191' title='bbox 1781 3872 1794 3903; x_wconf 67' lang='lat'>&#39;</span> 
     </span>
     <span class='ocr_line' id='line_1_23' title="bbox 121 4026 1747 4181; baseline -0.002 -37"><span class='ocrx_word' id='word_1_192' title='bbox 121 4051 213 4145; x_wconf 84' lang='lat' dir='ltr'>lroc</span> <span class='ocrx_word' id='word_1_193' title='bbox 253 4052 301 4143; x_wconf 91' lang='lat' dir='ltr'>in</span> <span class='ocrx_word' id='word_1_194' title='bbox 340 4048 552 4142; x_wconf 76' lang='lat' dir='ltr'>fasciculo</span> <span class='ocrx_word' id='word_1_195' title='bbox 583 4079 764 4172; x_wconf 79' lang='lat' dir='ltr'>operum</span> <span class='ocrx_word' id='word_1_196' title='bbox 801 4026 927 4181; x_wconf 92' lang='lat' dir='ltr'>dedi,</span> <span class='ocrx_word' id='word_1_197' title='bbox 960 4072 1010 4145; x_wconf 85' lang='lat' dir='ltr'>ut</span> <span class='ocrx_word' id='word_1_198' title='bbox 1039 4047 1266 4146; x_wconf 72' lang='lat' dir='ltr'>rusiorum</span> <span class='ocrx_word' id='word_1_199' title='bbox 1300 4054 1570 4173; x_wconf 81' lang='lat' dir='ltr'>quorundum</span> <span class='ocrx_word' id='word_1_200' title='bbox 1592 4048 1747 4144; x_wconf 73' lang='lat' dir='ltr'>seculo</span> 
     </span>
     <span class='ocr_line' id='line_1_24' title="bbox 126 4198 1750 4325; baseline -0.002 -27"><span class='ocrx_word' id='word_1_201' title='bbox 126 4205 303 4298; x_wconf 91' lang='lat' dir='ltr'>decimo</span> <span class='ocrx_word' id='word_1_202' title='bbox 332 4205 487 4325; x_wconf 88' lang='lat' dir='ltr'>quinto</span> <span class='ocrx_word' id='word_1_203' title='bbox 513 4207 569 4296; x_wconf 83' lang='lat' dir='ltr'>od</span> <span class='ocrx_word' id='word_1_204' title='bbox 588 4204 719 4299; x_wconf 89' lang='lat' dir='ltr'>finem</span> <span class='ocrx_word' id='word_1_205' title='bbox 731 4226 955 4324; x_wconf 81' lang='lat' dir='ltr'>uergente</span> <span class='ocrx_word' id='word_1_206' title='bbox 978 4198 1096 4297; x_wconf 75' lang='lat' dir='ltr'>sama</span> <span class='ocrx_word' id='word_1_207' title='bbox 1118 4202 1327 4297; x_wconf 78' lang='lat' dir='ltr'>doslrinae</span> <span class='ocrx_word' id='word_1_208' title='bbox 1350 4204 1750 4309; x_wconf 86' lang='lat' dir='ltr'>celeberrimorum,</span> 
     </span>
     <span class='ocr_line' id='line_1_25' title="bbox 122 4351 1799 4511; baseline -0.004 -59"><span class='ocrx_word' id='word_1_209' title='bbox 122 4357 357 4511; x_wconf 74' lang='lat' dir='ltr'>presertim</span> <span class='ocrx_word' id='word_1_210' title='bbox 383 4354 460 4481; x_wconf 89' lang='lat' dir='ltr'>qui</span> <span class='ocrx_word' id='word_1_211' title='bbox 478 4357 524 4453; x_wconf 88' lang='lat' dir='ltr'>in</span> <span class='ocrx_word' id='word_1_212' title='bbox 549 4363 774 4455; x_wconf 77' lang='lat' dir='ltr'>academia</span> <span class='ocrx_word' id='word_1_213' title='bbox 793 4355 1219 4470; x_wconf 64' lang='lat' dir='ltr'>nostrnfloruerunts</span> <span class='ocrx_word' id='word_1_214' title='bbox 1247 4354 1292 4447; x_wconf 79' lang='lat' dir='ltr'>bc</span> <span class='ocrx_word' id='word_1_215' title='bbox 1320 4354 1457 4458; x_wconf 85' lang='lat' dir='ltr'>hodie</span> <span class='ocrx_word' id='word_1_216' title='bbox 1482 4351 1615 4448; x_wconf 87' lang='lat' dir='ltr'>sere</span> <span class='ocrx_word' id='word_1_217' title='bbox 1601 4381 1799 4471; x_wconf 76' lang='lat' dir='ltr'>incog-</span> 
     </span>
     <span class='ocr_line' id='line_1_26' title="bbox 1613 4505 1697 4602; baseline 0.024 -3"><span class='ocrx_word' id='word_1_218' title='bbox 1613 4505 1697 4602; x_wconf 77' lang='lat' dir='ltr'>niis</span> 
     </span>
    </p>
   </div>
   <div class='ocr_carea' id='block_1_3' title="bbox 0 0 1832 4964">
    <p class='ocr_par' dir='ltr' id='par_1_3' title="bbox 0 0 1832 4964">
     <span class='ocr_line' id='line_1_27' title="bbox 0 0 1832 4964; baseline 0 0"><span class='ocrx_word' id='word_1_219' title='bbox 0 0 1832 4964; x_wconf 95' lang='lat' dir='ltr'> </span> 
     </span>
    </p>
   </div>
  </div>
 </body>
</html>
