3644 4964
111 172 196 239 iro
792 132 1111 255 zfflm
1250 156 1254 162 '

121 336 255 435 Lxx.
302 332 492 429 Canonis
538 340 766 430 tiricenne
795 336 921 428 Libri
943 336 1160 538 Quinpoe.
1225 336 1430 432 Veneriis
1459 370 1538 459 per
1560 343 1746 460 Diony:

227 456 331 543 srum
355 452 592 543 Bertocum
622 450 806 580 tabu&
829 478 951 567 1490.
978 455 1019 540 in
1097 457 1154 538 ol.
1184 479 1325 566 magn.

283 647 445 723 Primum
465 647 607 733 solium,
633 648 725 722 sorte
747 668 916 749 vacuum,
947 644 1053 723 nostri
1074 644 1285 743 exemplaris
1312 648 1419 723 deest.
1469 650 1571 729 Folia
1591 651 1666 731 duo
1689 652 1743 727 se⁴

124 741 270 841 quentia
292 745 538 841 procationes,
567 746 605 819 dc
627 743 842 839 singulorum
864 742 989 815 ordine
1018 743 1173 841 capitum
1194 743 1270 819 libri
1294 746 1398 840 primi
1424 746 1547 820 titulos
1580 749 1745 845 comple·

126 844 283 925 minan,
309 837 509 936 cujusmodi
532 841 624 916 tituli
645 840 787 935 reliquis
806 838 915 912 etiam
938 837 1032 911 libris
1054 839 1189 934 praescri
1208 839 1302 922 sunt,
1333 864 1421 914 exce
1447 854 1483 914 to
1499 842 1589 917 libro
1604 846 1745 938 quinto.

127 936 226 1011 Folio
249 935 384 1032 signato
407 960 471 1023 aa
497 960 587 1032 opus
606 937 726 1031 incipit
747 934 894 1029 gothico
913 933 1110 1008 charactere
1132 935 1326 1008 admodum
1346 936 1404 1010 luc
1442 954 1525 1011 ento
1544 938 1582 1013 dc
1599 940 1771 1035 perpul-

126 1034 216 1105 chro
239 1032 277 1105 in
298 1033 435 1107 cluabus
455 1032 629 1106 columnis
645 1026 931 1127 praestantiliimae
947 1031 1080 1104 clrartae
1096 1030 1307 1126 impressum.
1360 1032 1577 1125 Paginarum
1602 1036 1747 1131 inscrip-

130 1132 266 1212 tiones,
294 1128 512 1222 srgnaturas‚
537 1128 574 1206 dc
595 1129 747 1202 initiales
763 1126 882 1199 literas
897 1147 1026 1221 parvas
1047 1127 1291 1222 typographus
1313 1127 1453 1222 adjecit.
1500 1129 1637 1204 Desunt
1659 1153 1748 1205 vero

129 1223 307 1309 odones,
330 1224 369 1299 dc
388 1224 557 1299 foliorum
581 1224 730 1301 numeri.
795 1219 856 1295 Ad
876 1222 1012 1294 calcem
1036 1222 1215 1297 columnae
1241 1235 1377 1317 quartae
1400 1223 1623 1298 foliidecimi
1642 1227 1751 1319 quin·

128 1319 296 1393 ternionis
316 1343 341 1414 g
361 1320 507 1425 legitqr:
534 1319 700 1416 Explctur
726 1312 844 1390 iliicr
858 1317 952 1427 pimus
981 1319 1116 1389 canonic
1137 1324 1196 1411 qui
1210 1312 1333 1486 ἔπειμι
1362 1314 1476 1427 oborti
1496 1316 1681 1417 Abinscmi
1703 1320 1747 1393 de

129 1414 290 1487 uredicino
312 1414 435 1489 ediditr
457 1413 593 1515 ipreffur
614 1417 747 1508 rendist
769 1436 791 1504 p
825 1411 1010 1511 Ilroprssto3
1032 1410 1161 1486 aanor.
1185 1417 1202 1504 (
1245 1429 1424 1498 ertocum,
1447 1426 1488 1488 ut
1509 1440 1554 1489 ex
1574 1417 1651 1491 aliis
1667 1415 1750 1492 sub·

129 1510 370 1605 scriptionibus
389 1518 509 1608 patet)
553 1509 657 1584 Anno
694 1501 803 1609 cluaJl‘r'
835 1513 912 1604 opti.
951 1508 1006 1582 M.
1021 1535 1101 1581 cccc.
1120 1507 1260 1584 lxxxix.
1293 1509 1345 1581 die
1374 1515 1417 1606 vj.
1439 1508 1595 1584 nournrb’.
1620 1510 1748 1585 Araxen.

130 1604 193 1681 Ad
215 1608 348 1681 calcem
371 1608 451 1681 libri
472 1608 612 1682 secundi
636 1609 673 1681 in
698 1619 824 1702 quarta
850 1604 1017 1679 columna
1037 1605 1273 1702 duernionisp
1289 1604 1407 1680 similis
1431 1607 1562 1700 legitur
1582 1606 1751 1704 subscrip·
1784 1686 1788 1691 ,

129 1703 181 1775 tio
202 1702 274 1775 sme
300 1700 437 1812 adjesia
460 1705 543 1778 anni
565 1717 666 1788 nota,
691 1727 774 1777 cum
797 1697 952 1795 expressa
976 1721 1059 1775 vero
1085 1702 1153 1775 loci
1168 1700 1217 1811 ‘dc
1235 1704 1451 1871 typograplri
1477 1716 1579 1811 prora,
1605 1702 1752 1875 lippus·

125 1795 188 1892 sus
214 1795 360 1892 Uenetrjr
378 1824 439 1893 per
463 1798 656 1894 Dionyfium
676 1798 865 1872 Bertocurn.
940 1795 1057 1870 Paulo
1082 1796 1266 1891 longiore
1315 1798 1377 1872 sub
1391 1810 1515 1894 cnptro
1537 1796 1628 1874 adc
1666 1822 1752 1876 cem

131 1893 210 1967 libri
237 1896 331 1967 tertii
360 1897 394 1966 in
424 1896 494 1969 fine
516 1896 692 1969 columnae
715 1895 878 1968 secundae
899 1891 972 1965 folii
989 1893 1075 1965 sexti
1089 1893 1258 1966 ternionis
1275 1890 1320 1975 ἒ.
1344 1892 1446 1988 cujus
1460 1895 1584 1969 ultima
1605 1907 1752 1970 taomm

132 1991 241 2063 verba
263 1989 471 2065 adscribam:
496 1986 637 2091 Impffur
670 1989 815 2084 Uenetijr
896 1986 1078 2084 Dionyfiug
1104 1986 1279 2061 Bertocdri.
1313 1988 1418 2062 Anno
1439 1987 1503 2087 xpi
1533 1991 1658 2083 optimi.
1686 1988 1748 2065 M.

129 2108 216 2159 cccc.
237 2086 368 2159 lxxxx.
396 2090 454 2180 cij.
477 2092 588 2183 rneofir
610 2087 739 2181 aprilir.
792 2084 825 2159 A
877 2084 1012 2157 calcem
1034 2085 1212 2157 columnae
1233 2100 1369 2179 quartae
1392 2088 1466 2160 folii
1494 2087 1623 2161 decimi
1644 2088 1753 2181 quin·
1810 2128 1812 2133 ·

132 2182 302 2255 ternionis
324 2182 381 2255 ll:
410 2183 565 2279 Explicit
584 2178 786 2277 siberjrtus
806 2182 940 2254 conouir
963 2178 1118 2253 Ariciae.
1146 2178 1221 2252 Dro
1250 2185 1345 2276 g‘r'ur.
1400 2180 1492 2268 Quae'
1516 2184 1552 2257 in
1572 2181 1645 2254 line
1670 2181 1753 2256 libri

133 2278 265 2373 quinti.
293 2276 385 2354 circa
407 2280 516 2353 smem
536 2281 712 2354 columnae
736 2292 870 2373 quartae
895 2275 968 2349 lolii
998 2275 1126 2350 decimi
1162 2277 1415 2369 quinternionis
1437 2278 1528 2353 ΜΜ
1561 2275 1752 2369 leguntur,

137 2373 257 2447 omnia
278 2373 348 2447 huc
367 2374 576 2451 adscribam:
608 2374 793 2469 Completur
815 2378 856 2471 est
876 2369 959 2446 liber
980 2375 1111 2465 quintus
1131 2369 1211 2445 iibri
1228 2374 1363 2447 cononis
1376 2374 1488 2470 quiesi
1504 2369 1750 2446 antidotarium

129 2466 335 2636 stitit
351 2467 607 2640 “stillis
625 2467 1025 2641 ill-'’li‘it‘ta
1038 2467 1753 2661 berit·‘ttl‘tt‘tttttt‘ttit

227 2617 231 2625 ,
284 2619 313 2638 ,ι
513 2602 528 2639 [¹
706 2622 714 2638 ο
907 2618 910 2623 .

139 2660 243 2731 ciram.
295 2656 398 2732 Auno
422 2590 633 2735 uoittiuitaie
655 2589 848 2736 Dominipr
875 2686 977 2733 ‚cccc
997 2659 1132 2735 lxxxx.
1153 2669 1290 2757 regndtr
1313 2589 1436 2756 riiciyto
1457 2590 1609 2758 principe
1627 2656 1757 2762 Augu·

130 2758 217 2857 struo
240 2751 431 2831 barbarico.
473 2758 540 2831 His
559 2756 708 2853 subjecta
732 2758 811 2832 sunt
836 2757 906 2830 duo
936 2755 1098 2831 disticha:

459 2851 630 2953 Quattuor
653 2854 789 2951 irupreffr
814 2850 989 2943 precedunt
1017 2850 1132 2924 ordine
1157 2848 1248 2926 libri.

540 2949 685 3025 Ultimus
706 2951 759 3022 dic
779 2948 929 3044 sequitur
953 2949 1009 3039 qui
1038 2958 1122 3019 tenet
1143 2946 1308 3021 antidota.

459 3042 620 3120 Rrrnriunt
643 3044 697 3117 dcc
718 3045 837 3117 Petras
865 3040 1194 3141 medicerdoiiiffimar
1223 3047 1317 3119 ortis.

532 3140 715 3237 Interprer:
744 3140 878 3211 Mutiru
900 3138 1039 3231 corrigit
1061 3137 1116 3211 dec
1135 3138 1257 3215 eudrru.

142 3233 339 3308 Avicennae
373 3232 511 3341 libellus
544 3240 589 3311 de
623 3237 757 3350 uiribus
789 3236 904 3346 cordis
936 3235 1113 3329 sequentia
1141 3250 1292 3333 occupat
1315 3235 1374 3311 sex
1397 3235 1500 3352 solia,
1525 3235 1563 3313 &
1585 3232 1759 3334 Explere

142 3327 1211 3524 tactamsltdtttttltt‘titttlltst'fttl
1224 3330 1434 3506 {sinisii
1455 3333 1758 3526 liptttlt‘ltt

142 3522 236 3595 soliis
266 3519 340 3603 sex,
372 3522 410 3594 dc
431 3537 531 3615 parte
552 3527 676 3619 pn‘mae
698 3525 839 3620 paginae
864 3523 999 3618 septimi
1019 3525 1094 3599 folii
1117 3526 1389 3619 comprehensae.
1440 3523 1502 3599 Ad
1525 3524 1662 3602 calcem
1692 3527 1759 3600 de·

142 3641 215 3693 nuo
237 3616 317 3690 laec
339 3614 522 3714 subscripta
542 3622 723 3715 leguntur:
753 3619 829 3694 Hoc
852 3618 937 3733 (stc)
959 3620 1025 3691 ioci
1045 3620 1253 3716 consumatur
1276 3620 1461 3719 uniuersum
1474 3646 1556 3717 opus
1569 3618 1760 3734 hispalensis

139 3713 302 3809 principis
332 3708 502 3787 sluicrune
528 3717 582 3811 qd’
607 3715 767 3811 infueris
787 3714 954 3789 rnrdrciuir
981 3725 1060 3811 copo
1075 3719 1125 3789 uit
1145 3715 1249 3790 Anno
1281 3717 1461 3809 saluatoris
1501 3716 1618 3817 curisti
1651 3712 1759 3821 jesu.

141 3806 201 3885 -M,
218 3832 296 3879 cccc.
313 3803 444 3882 lxxxx.
465 3811 529 3886 die.
551 3837 588 3885 rr.
614 3814 703 3920 mifir
714 3811 885 3907 septibris.
927 3810 1040 3910 Impre
1065 3838 1108 3908 u3
1134 3815 1266 3908 verretr'jr
1288 3834 1415 3908 operer
1437 3814 1582 3911 impcrfir
1600 3810 1761 3911 Dpouisip'

143 3899 339 4012 bertincuria
362 3902 447 4013 (lic)
512 3904 645 3985 Aversa
667 3909 831 4004 ejusdem
859 3907 934 3987 solii
967 3929 1096 4005 pagina
1119 3907 1320 4011 Registrorn
1345 3910 1566 3996 chartarum,
1592 3908 1631 3988 dc
1655 3922 1764 4011 typo·

145 3998 273 4093 graplu
299 3995 444 4093 insigma
470 4003 623 4084 extruet.
