3644 4964
781 166 1107 292 ss
1721 206 1750 297 a
1794 164 1799 171 ’

122 437 131 455 i
220 378 437 483 *brionum
461 369 565 463 solis
595 370 640 464 bc
673 372 811 483 luna,
857 373 1079 489 eclipsium
1118 374 1306 492 denique
1342 376 1594 464 eorumdem
1621 375 1745 464 lumi·

241 495 409 582 narium
439 489 491 577 ab
526 513 639 575 anuo
668 514 779 604 1477
810 526 859 550 ···
896 513 1022 599 1552.
1107 488 1249 579 Uluiae
1280 515 1360 604 pei
1382 488 1626 603 Johanuem
1646 490 1743 582 Zai-

235 634 314 697 ner
340 628 463 716 1477.
493 604 538 691 in
561 598 602 690 F
606 604 668 700 ol.
695 606 798 691 min.

288 797 439 876 Tabulis
452 796 630 892 praemissa
654 795 704 873 est
725 794 909 876 iustruiiio
926 797 982 875 de·
998 800 1197 876 eamndem
1218 799 1281 876 usu
1308 798 1409 877 soliis
1428 795 1546 876 tribus
1564 797 1745 898 impressa.

120 900 187 980 Ad
206 897 344 976 calcem
369 894 473 972 tertii
497 893 579 970 folii
605 894 741 989 legitur

518 989 714 1092 Imprrffiim
741 989 785 1067 V
779 990 842 1065 sinc
862 1017 926 1090 per
948 989 1146 1094 Jobnnnein
1168 991 1299 1069 Zninrr
1398 1076 1402 1082 Ι

519 1086 625 1163 Anno
651 1087 811 1162 iioiiiinice
839 1089 1088 1163 incarnationis.
1121 1104 1224 1184 1478.
1547 1150 1553 1163 .

120 1186 205 1267 Post
226 1188 310 1263 hoec
335 1183 615 1269 calendarium,
643 1185 798 1282 aliaeque
828 1184 996 1272 Tabulae,
1027 1187 1067 1260 iii
1085 1186 1195 1261 titulo
1219 1185 1420 1260 nominatae
1445 1184 1660 1298 sequuntur,
1683 1187 1740 1261 so-

118 1288 181 1364 liis
206 1284 417 1384 quindecim
442 1305 525 1358 com
551 1282 722 1360 rehensae.
771 1278 834 1356 Ad
857 1283 986 1357 harum
1006 1281 1144 1359 calcem
1170 1282 1262 1358 nihil
1281 1282 1426 1376 prorsus
1449 1286 1627 1380 adpettum
1650 1283 1742 1379 legi·

119 1397 192 1460 tur.
271 1380 447 1457 Ceterum
475 1305 625 1455 'scholae
649 1402 778 1454 omnes
800 1378 848 1453 ad
860 1381 1116 1490 ‘meridianum
1147 1379 1354 1458 Ulmensem
1388 1394 1613 1476 computatae
1648 1378 1739 1456 sunt.

119 1480 327 1575 Computuc
349 1477 514 1552 locorum
541 1474 623 1550 solis
647 1475 686 1553 dc
709 1475 811 1552 luiiae
837 1498 989 1572 ejusque
1011 1477 1099 1551 nodi
1124 1498 1167 1551 ac
1194 1474 1376 1572 signorum
1404 1476 1674 1551 ascendentium
1689 1479 1737 1552 ad

117 1576 257 1672 gradus
285 1573 322 1650 di
346 1573 489 1647 minuta
509 1571 545 1647 se
574 1573 754 1649 extendit.
818 1570 979 1668 Tempus
1009 1572 1275 1666 oppositionum
1300 1571 1338 1648 dt
1369 1571 1664 1669 conjuotiionum
1691 1576 1739 1648 ad

116 1675 199 1750 dies
229 1670 268 1749 δι
292 1671 457 1752 minuta,
485 1667 524 1745 dt
555 1667 709 1745 secunda
737 1668 878 1767 calculo
895 1670 1182 1761 determinatum
1211 1668 1398 1764 quantitas
1415 1684 1593 1763 praeterea
1615 1668 1738 1766 cujus·

111 1771 176 1846 vis
204 1764 377 1863 eclipseos
397 1766 436 1840 in
459 1764 587 1859 digitis
613 1765 651 1844 dt
672 1765 849 1850 minutis,
877 1763 1043 1862 ejusdem
1066 1767 1211 1840 duratio
1234 1767 1272 1841 in
1297 1765 1398 1840 horis
1413 1766 1452 1843 dt
1467 1767 1638 1849 minutis,
1666 1790 1739 1841 una

115 1889 204 1942 cuni
227 1865 408 1939 schemate
428 1861 604 1945 maximae
626 1862 889 1940 obscurationis
918 1863 1124 1948 exhibetur.
1174 1862 1230 1943 De
1255 1861 1401 1942 ausloie
1422 1864 1554 1940 harum
1583 1862 1739 1940 Tabula·
1812 1876 1816 1881 ·

115 1984 200 2042 rum
225 1960 319 2038 mihi
342 1959 491 2058 quidem
514 1958 607 2036 nihil
636 1959 786 2037 constat.

112 2303 281 2400 XXVI.
314 2299 504 2394 Gnnrini
534 2293 783 2422 Veronenfis
810 2295 911 2393 Viri
937 2295 1181 2422 Poritiffiini
1207 2302 1568 2394 Grammaticnias
1592 2298 1738 2422 Ragn-

225 2416 276 2510 in
300 2415 536 2537 Incipiunt.
576 2417 776 2510 venetiis
799 2443 881 2532 pet
899 2418 1192 2507 Autoiielluni
1220 2419 1446 2509 aMoueta
1468 2438 1588 2535 1478.
1621 2422 1667 2509 in
1690 2451 1732 2533 4.

277 2613 400 2692 Verba
421 2610 523 2688 tituli
542 2609 626 2686 loco
650 2607 805 2686 recitata
830 2608 873 2684 iii
896 2609 1020 2685 fronte
1040 2609 1170 2705 primae
1189 2610 1334 2706 paginae
1359 2611 1574 2707 capitalibus
1597 2614 1732 2690 litteris

111 2709 282 2811 impressa
296 2712 480 2809 leguntur.
530 2706 750 2804 opusculum
774 2705 907 2802 ipsum,
936 2707 1033 2800 quod
1060 2707 1099 2780 in
1125 2709 1256 2781 eadem
1280 2707 1413 2803 pagina
1435 2709 1584 2806 incipit,
1610 2734 1732 2789 ronia-

55 2832 64 2845 ·
111 2836 164 2889 no
193 2806 397 2886 charasiere
422 2800 683 2902 elegantissimo
709 2801 827 2879 firmae
847 2801 886 2880 dc
909 2802 1039 2888 nitidae
1057 2802 1196 2879 chartae
1217 2801 1425 2899 impressum
1449 2805 1509 2880 est.
1557 2808 1598 2883 si
1650 2822 1733 2884 atu·

109 2930 176 2987 ras
199 2906 245 2981 ab
264 2928 319 2980 a·
337 2929 376 2989 e,
400 2901 439 2981 dt
468 2900 683 3015 plerumque
701 2898 864 3014 initiales
887 2898 1282 3070 litteraauparvas'iple
1297 2903 1551 3000 typographus
1574 2832 1730 3001 anUecit:

43 3014 46 3019 '
110 3002 280 3082 custodes
303 3022 412 3084 vero,
434 2999 609 3073 soliorum
632 3019 793 3083 numeri,
822 2996 861 3075 dt
889 2992 1142 3095 inscriptiones
1170 2999 1307 3074 deunt.
1383 2999 1425 3073 ln
1445 3000 1568 3075 aversa
1598 3003 1734 3098 pagina

110 3102 193 3179 solii
216 3098 346 3196 fignati
370 3121 387 3171 ι
413 3092 591 3197 Cicriffinn
615 3091 696 3169 Wn·
730 3088 894 3170 Gricrini·
914 3092 1107 3193 Veronenstr
1129 3093 1186 3169 Dr
1203 3088 1432 3192 Dipsitsrongis
1454 3097 1499 3172 sc.
1539 3097 1730 3174 Trastatus

109 3197 262 3294 incipit,
286 3195 457 3289 idemque
479 3191 699 3268 terminatur
719 3192 761 3268 iu
783 3192 902 3289 prima
920 3191 1000 3264 solii
1027 3194 1125 3266 inter
1145 3191 1312 3362 impressa
1337 3193 1459 3268 ultimi
1482 3197 1635 3291 pagina,
1666 3196 1730 3272 ubi

111 3294 318 3388 sequentia,
344 3288 561 3386 capitalibus
591 3287 759 3382 impressa
796 3287 954 3373 litteris,
985 3287 1158 3384 leguntur
1204 3290 1410 3385 obscripta:⁸
1452 3290 1545 3387 Opas
1584 3290 1731 3367 Gaurinr'

112 3389 161 3468 V
153 3391 308 3489 aronenstr
336 3387 418 3463 Viri
435 3384 624 3486 Peritifflmi
643 3383 685 3459 V
679 3384 791 3458 cuniis
820 3383 973 3458 Fninnr
994 3383 1144 3557 impii?

1146 3410 1178 3457 ni
1200 3383 1268 3458 Per
1288 3383 1489 3501 Magistrum
1509 3386 1729 3465 Antonciinm

107 3484 152 3566 A
172 3485 317 3562 Moneta
348 3482 553 3579 Aarifiremr
590 3480 647 3556 M.
667 3479 801 3559 CCCC.
816 3478 1042 3557 LXXVIII.
1127 3479 1260 3557 XVII.
1287 3477 1407 3584 yonii.
1482 3469 1639 3565 Aurifex
1663 3486 1730 3562 ilie

106 3585 207 3662 sorta
241 3584 383 3658 sumtus
419 3592 566 3655 tantuin
592 3578 837 3674 suppeditavit
861 3578 910 3655 ad
931 3577 1196 3677 imprellioiiem
1217 3580 1340 3678 operis
1369 3579 1605 3673 necessarios,
1639 3583 1728 3683 quin
1784 3646 1800 3673 ,-

109 3678 185 3779 ipse·
214 3677 497 3780 typographicae
518 3674 611 3755 arus
633 3674 747 3754 fucrit
769 3676 922 3776 peritus.
1540 3745 1543 3749 .
1752 3678 1759 3685 ”

845 4013 911 4096 Ad
935 4036 1019 4153 aaa
1045 4039 1104 4116 os·

102 4196 252 4315 XLV.
282 4190 480 4329 Diodori
498 4188 623 4329 ficosi
656 4186 895 4305 hisloriorii
916 4161 1128 4330 priscani?
1153 4219 1182 4282 n
1208 4184 1377 4330 I’oggio
1406 4181 1597 4288 ilalinn
1631 4205 1722 4288 tan·
1798 4282 1806 4295 .

224 4305 352 4443 dasii·
366 4310 476 4399 libor
500 4331 675 4426 pronior
704 4306 1119 4443 (quem-&·ieliqui
1140 4331 1363 4423 excipiunt
1388 4310 1487 4440 libri
1510 4337 1607 4399 cuin
1632 4308 1720 4398 Ta·

176 4464 184 4474 ·
218 4425 299 4522 citi
322 4422 477 4519 bbello
500 4427 558 4518 de
579 4422 828 4570 germania)
859 4430 1025 4633 ⁴{propiet
1052 4446 1100 4515 ni
1135 4446 1222 4540 gaio
1245 4420 1331 4514 linc
1352 4433 1720 4630 continentitiirmto-
