3644 4964
672 156 695 178 ”
735 144 1057 270 ε-Ξζὲ-ε
1199 218 1203 225 -
1627 186 1705 263 iii

73 378 219 449 nanim.
240 416 244 429 .
283 350 496 431 Editionein
516 351 610 431 hanc
632 352 716 430 duae
740 354 820 432 aliae
844 352 1034 430 subsecutae
1054 353 1149 438 suot,
1164 366 1323 454 'utraque
1342 369 1490 447 veneta,
1511 359 1606 463 prior
1629 362 1709 459 qul·

73 454 164 533 dem
195 477 293 529 anno
325 477 393 550 rao
428 505 439 536 ,
478 451 537 526 suo
568 451 648 526 loco
683 475 795 527 ame
830 451 1061 535 recensenda,
1098 453 1210 529 altera
1242 479 1328 531 vero
1357 482 1452 533 anno
1479 483 1581 553 1502.
1603 460 1705 535 aaa.
1797 519 1801 529 .

73 552 183 631 Coris.
208 550 379 627 Clement
434 547 614 624 ibliothec.
637 548 801 623 Curieuse
821 549 924 624 Tom.
958 550 984 623 Ι.
1031 572 1089 658 ag.
1129 574 1212 645 33²·
1239 550 1406 629 &Derris
1429 553 1559 637 miras
1582 555 1705 648 Μ),

73 644 390 743 lwdctptfiliidpte
425 668 470 759 pa
496 701 506 721 .
528 668 587 741 79.
619 644 658 721 ἀ
683 659 745 757 βο.
825 645 881 720 De
905 645 978 722 vita
1002 570 1185 754 gilcriptis
1204 647 1374 761 Johannis
1387 649 1519 746 Angeli
1535 649 1706 752 (Engel)

73 746 202 823 >sures
223 756 458 819 commentati
470 670 573 823 Vunt:
597 765 757 840 nmmum
772 761 857 817 vero
870 738 1127 818 adcuratissime
1152 744 1206 818 ci.
1229 746 1385 823 lllicliael
1399 749 1509 821 Derris
1522 750 1558 823 in
1572 747 1706 833 iissltiiss

73 835 496 937 burhbttitfttptsdpidptc
522 862 602 935 pag.
630 854 687 925 80.
738 839 832 912 Cnrn
855 861 939 914 vero
955 837 993 915 &
1008 837 1103 912 hunc
1124 840 1226 936 plura
1247 843 1437 929 nescivisse,
1461 846 1518 919 vel
1540 843 1705 932 omisisse,
1745 920 1754 940 .

73 962 159 1037 ruae
175 939 236 1013 vel
251 938 299 1014 ad
313 936 588 1034 Biograplilam,
613 937 672 1011 vel
695 934 743 1010 ad
757 934 1067 1031 Bibliographiain
1083 940 1328 1033 compatriotae
1344 939 1448 1015 nostri
1463 940 1707 1019 illustrandam

73 1037 253 1112 nomenti
275 1035 408 1135 aliquid
423 1035 554 1110 habere
570 1033 658 1106 mihi
675 1031 745 1108 visa
760 1031 856 1115 sunt,
886 1054 1019 1128 paucos
1037 1045 1122 1107 ante
1137 1034 1275 1109 menses
1291 1032 1501 1132 inguinem
1516 1039 1563 1113 de
1579 1039 1655 1116 vita
1667 1038 1706 1117 dc

73 1132 403 1231 'criptisJolrannis
420 1126 552 1225 Angeli
574 1130 914 1204 commentationem
937 1129 1162 1206 elucubratus
1185 1130 1278 1214 sum,
1308 1148 1504 1231 opportuna
1519 1134 1706 1214 occasione

73 1252 244 1331 yporurn
270 1229 440 1306 beneficio
466 1227 645 1304 edendam
674 1228 711 1302 in
739 1226 868 1300 lucem.
918 1222 1024 1301 Nunc
1051 1250 1165 1322 pauca
1188 1240 1330 1308 tantum
1344 1230 1533 1325 adnotabo.
1584 1234 1704 1308 Lobus

73 1332 100 1406 ei
126 1327 262 1402 natalis
281 1327 347 1401 suit
367 1321 550 1409 Aichach,
581 1323 763 1421 superioris
798 1321 963 1399 Bavariae
999 1322 1127 1399 civitas
1162 1348 1236 1401 non
1259 1328 1444 1422 ignobilis,
1472 1327 1704 1427 Iiigolstadlo,

73 1423 272 1501 meridiem
296 1421 432 1508 versus,
458 1423 612 1518 quinque
638 1419 849 1497 milliaribus
877 1419 1016 1495 distans.
1068 1422 1148 1508 Quo
1167 1447 1261 1497 anno
1284 1438 1389 1500 natus
1404 1425 1525 1512 suerit,
1549 1428 1705 1505 necdum

73 1521 271 1618 explorare
292 1519 405 1616 potui.
480 1515 591 1594 Anno
619 1540 729 1615 1472,
763 1516 825 1611 qui
852 1513 1062 1595 Academiae
1090 1518 1351 1612 lngolstadiensi
1380 1522 1509 1598 natalis
1532 1524 1617 1610 suit,
1647 1525 1705 1600 die

73 1617 213 1694 mensis
236 1614 386 1711 Augusti
410 1615 578 1712 vigesima
599 1640 694 1691 nona
713 1611 911 1716 αῗοὲιαηηεηι
934 1610 992 1686 Eri
1017 1614 1049 1686 ri
1067 1613 1107 1687 dr
1129 1613 1283 1691 Aicsiocli
1303 1619 1397 1694 inter
1418 1619 1519 1695 inscri
1543 1634 1601 1695 tos
1626 1645 1705 1699 ma·

73 1716 210 1792 :ricula
232 1712 474 1797 Universitatis
498 1711 722 1808 autographa
744 1710 897 1789 exhibet.
1010 1711 1140 1786 undem
1153 1709 1217 1803 sab
1240 1713 1417 1790 Decorato
1434 1714 1492 1791 Do
1521 1717 1590 1792 oris
1615 1715 1705 1795 Cari·

73 1810 160 1888 radi
188 1807 358 1907 Weigerid
379 1810 422 1884 'ex
444 1806 554 1885 Herbi
576 1809 623 1884 oli
642 1807 689 1882 uri
703 1807 907 1902 facultatem
928 1806 1086 1886 medicam
1104 1831 1184 1884 rece
1208 1824 1287 1888 tum
1304 1812 1420 1898 fuisse,
1448 1812 1526 1892 afta
1538 1813 1705 1912 ejusdem

73 1907 263 2020 facultatis
285 1907 533 1984 authenticaa
581 1929 716 1981 annum
747 1929 848 2003 1479.
873 1927 941 1980 nos
965 1907 1106 1985 docent.
1171 1835 1220 1981 iit
1240 1911 1278 1983 iri
1300 1910 1357 1985 his
1379 1912 1524 2025 quidem
1544 1911 1730 2026 Magistri

73 2000 1705 2211 bibistis...assisis?its.{lsi:stiibssgststbssiPstis

73 2196 1194 2391 ieiunitatemtertiariam.
1216 2201 1704 2379 ..i

73 2392 214 2471 adduci
235 2390 387 2489 possum,
419 2407 460 2467 ut
480 2392 642 2475 credam,
668 2317 868 2489 Aaronem
896 2389 1078 2486 Angelum
1104 2392 1140 2463 iri
1166 2321 1367 2470 Acadegmia
1396 2394 1512 2471 nostra
1541 2396 1704 2473 ordinarii

73 2488 284 2565 Professoris
309 2511 457 2564 munere
488 2512 648 2586 unquam
680 2488 838 2562 funstum
865 2486 949 2570 else,
976 2487 1061 2561 licet
1083 2484 1249 2564 Andreas
1279 2491 1473 2574 Stiborius,
1502 2489 1635 2589 Bojus,
1666 2491 1703 2567 dc

78 2584 325 2663 Astronomiae
345 2587 382 2660 in
405 2584 581 2661 Academ.
607 2584 780 2662 Viennen.
807 2583 899 2659 Prof.
919 2584 957 2657 in
977 2580 1120 2676 Priasus.
1147 2586 1195 2660 ad
1214 2588 1352 2663 tabulas
1364 2586 1574 2685 Eccllpsium
1589 2590 1703 2662 Geor·

79 2683 135 2777 gii
155 2682 390 2758 Peuerbacliii
415 2682 564 2759 Viennae
588 2705 644 2756 an.
673 2704 777 2774 1514.
805 2681 923 2757 editos
943 2680 1099 2754 eundem
1120 2679 1165 2754 lis
1188 2682 1417 2770 adnumeret,
1447 2687 1506 2780 qui
1520 2682 1704 2783 inEpgri·
1772 2696 1777 2705 '

73 2776 189 2879 stadio
213 2777 489 2853 Martemnicam
507 2779 639 2892 proseffi
656 2777 747 2874 sunt.
798 2777 869 2851 His
888 2777 984 2851 enim
1008 2777 1124 2852 verbis
1144 2779 1228 2853 nihil
1252 2779 1347 2854 aliud
1363 2779 1524 2862 insinuati
1544 2780 1702 2865 videtur,

109 2899 196 2951 uam
218 2870 402 2971 Angelum
426 2876 580 2951 nostium
602 2901 639 2950 in
664 2874 894 2950 Universitate
918 2872 1184 2973 lngolstadiensi
1207 2877 1422 2973 aliquamdiu
1443 2892 1705 2955 commoramm

81 2898 202 3059 Aine,
227 2972 416 3048 scribendis
438 2974 478 3047 in
501 2973 628 3049 eadem
653 2971 749 3047 libris
774 2994 921 3067 operam
949 2970 1095 3056 dedisse,
1122 2973 1159 3048 δι
1180 2976 1333 3071 privatas
1357 2975 1449 3050 forte
1472 2976 1509 3049 in
1531 2972 1704 3053 Astrono·

83 3072 177 3156 mia,
209 3069 355 3165 allisque
384 3071 648 3148 mathematicis
684 3070 866 3242 dischis
903 3069 1069 3145 leihones
1104 3070 1268 3147 habuisse.
1330 3072 1579 3153 calendarium
1608 3085 1706 3153 certe

81 3167 365 3250 Germanicum,
390 3164 491 3263 cujus
507 3168 672 3243 memmii
687 3166 742 3240 el.
790 3189 896 3243 arzer
914 3169 949 3248 in
971 3166 1130 3255 Vanesia
1145 3170 1202 3248 ber
1217 3163 1325 3253 ittera
1342 3158 1706 3264 briiisdiiu'bliteretue

85 3320 88 3325 ,
135 3286 170 3377 g.
188 3289 269 3358 223.
329 3263 512 3362 Joliannes
532 3262 696 3360 Angelus
720 3263 923 3360 lngolliadii
948 3266 1160 3360 composuit,
1186 3284 1226 3341 ut
1250 3292 1295 3341 ex
1326 3267 1568 3371 subscriptione
1613 3280 1706 3345 atet:

88 3287 202 3474 gnis.
237 3365 424 3455 practica
460 3365 545 3456 bat.
566 3360 745 3463 grmedpt
775 3363 955 3452 marisii
1019 3363 1347 3478 phennenskiigrs
1372 3370 1409 3439 in
1435 3371 1496 3477 ber
1518 3289 1707 3451 lstchcii
1760 3408 1769 3425 .

89 3451 337 3568 univcrsitr’it-
353 3455 419 3557 jn
449 3456 562 3545 elilat
585 3457 660 3553 auf
678 3465 753 3535 bae
785 3456 862 3541 m.
881 3454 989 3569 CCC·
1020 3461 1211 3557 lxxxxrj.
1272 3484 1327 3540 er.
1377 3462 1469 3537 Pleri
1493 3485 1539 3535 ue
1551 3461 1708 3572 nostrum

85 3551 347 3645 'Aibonomre
383 3579 428 3629 ve
470 3554 672 3631 Matheseos
695 3552 924 3666 Prosessorem
947 3554 1183 3665 Viennensem
1207 3581 1228 3631 a
1255 3556 1398 3651 pellant.
1468 3483 1603 3632 Verum
1624 3557 1709 3631 licet

91 3668 233 3729 certum
251 3650 309 3735 sit,
330 3652 486 3748 longiori
509 3665 672 3764 tempore
692 3650 841 3728 Viennae
860 3672 901 3724 in
918 3648 1065 3761 ⁴Aullria
1087 3666 1351 3727 commoratum
1377 3651 1491 3738 luisse,
1519 3652 1709 3728 &ibidem

92 3748 391 3825 observationibus
413 3748 657 3825 astronomicis
679 3770 825 3845 operam
847 3744 992 3821 dedisse:
1022 3758 1145 3822 tamen
1174 3749 1291 3823 nullus
1314 3773 1455 3833 eorum,
1479 3771 1537 3843 qm
1560 3749 1605 3823 de
1622 3748 1710 3823 Pro·

89 3845 273 3959 sessoribus
291 3844 544 3925 Viennensibus
559 3869 605 3921 ex
618 3846 772 3922 instituto
793 3842 1013 3957 scripserunt,
1024 3844 1167 3955 ‘horum
1188 3868 1337 3921 numero
1353 3844 1534 3941 Angelum
1555 3845 1712 3955 nostrum

89 3941 288 4139 titis·
315 3939 1713 4152 blssnbsgsisislsffl,slsisbslsisilssililsillsss

91 4136 293 4223 admodum
313 4134 514 4223 adsedalse,
536 4151 577 4212 ut
599 4137 695 4213 libris
716 4150 845 4236 partim
868 4136 1143 4232 componendis,
1171 4150 1301 4234 partim
1321 4138 1476 4215 aliorum
1498 4136 1714 4233 corrigendis

92 4234 238 4345 liberius
261 4253 392 4344 vacare
411 4232 530 4331 posset.
609 4233 705 4310 Obiit
732 4236 881 4348 Viennae
890 4235 946 4325 ‚lin
975 4231 1115 4310 Austria
1138 4259 1234 4347 anno
1263 4256 1365 4328 1512.
1402 4234 1511 4308 tertio
1547 4233 1716 4347 calendas

93 4330 276 4443 octobris,
297 4331 498 4425 ibidemque
524 4329 687 4430 sepultus¹
701 4331 750 4406 est
768 4354 803 4405 in
824 4331 904 4405 aede
922 4330 961 4405 S.
976 4330 1170 4442 Laurentio
1193 4330 1298 4442 sacra.
1350 4331 1450 4444 Coris.
1464 4330 1717 4445 Georgii-lan-

96 4426 233 4511 stepen
254 4425 487 4529 Catalogum,
525 4430 563 4507 in
594 4451 665 4531 quo
688 4427 911 4507 recensentur
944 4425 1021 4505 mn
1053 4425 1286 4503 Mathematici
1306 4444 1386 4523 quos
1411 4427 1535 4527 raclyta
1564 4422 1718 4519 Urrarase

1581 4545 1677 4621 ἔφη·
