3644 4964
90 362 224 475 recepte
242 368 343 469 peoio
432 360 503 441 &o
539 357 913 460 gotldco-charaiiere
938 363 976 438 in
1007 360 1145 441 duabus
1166 358 1368 448 columnis,
1410 367 1453 437 ut
1472 384 1560 460 opus
1587 346 1715 456 ipium{

94 472 303 570 impreiius.
387 466 423 538 in
443 460 610 536 columna
631 458 735 535 tertia
754 460 826 534 folii
848 458 1015 555 ejusdem
1033 456 1127 535 linea
1153 482 1209 548 2..
1233 459 1453 535 terminatus.
1515 462 1605 534 Mox
1627 455 1716 528 Ioci·

89 572 148 667 pit
173 565 258 643 iiber
276 563 410 658 promus
435 555 476 630 de
494 556 592 631 Peieo
612 577 688 649 rege
710 553 845 653 tiesoiie
867 555 961 648 (stc)
985 551 1155 627 inducente
1206 553 1334 651 usonem
1349 554 1432 654 vise
1445 556 1574 649 ciserae
1594 551 1641 625 od
1654 576 1715 626 ax·

92 669 157 739 reri
174 662 280 737 velius
298 653 460 731 iubendi.
510 653 551 729 si
622 661 738 735 turns,
762 650 1030 747 &paginarum
1052 650 1307 745 inscriptiones,
1335 674 1367 727 e.
1381 676 1417 749 g.
1441 648 1622 751 Defieriiiio
1644 649 1718 744 pri·

89 786 146 834 erre
171 756 272 853 Troie
289 789 330 809 -
346 748 520 865 Restitutio
537 673 679 859 fferre,
771 747 952 843 ographus
975 744 1138 858 adjecita
1151 746 1273 822 desunt
1288 771 1375 824 voro
1388 748 1555 827 foliorum
1567 746 1717 828 numeri,

93 854 281 934 custodes,
308 847 347 925 de
369 848 487 923 literae
503 842 666 918 iurnales.
733 867 758 918 n
777 843 898 920 aversa
919 865 1050 939 pagina
1067 841 1141 917 foln
1158 842 1244 917 sexti
1265 845 1505 939 quaternionis
1528 869 1552 917 o
1580 842 1717 916 colum·

99 973 152 1029 na
175 946 328 1025 secunda
347 942 492 1019 historia
512 940 732 1017 tenninatur.
796 936 989 1014 Accedunt
1008 960 1093 1013 vero
1113 938 1302 1035 Epitaphia
1325 940 1507 1025 Heitorim
1534 938 1573 1015 δι
1590 934 1716 1013 Acuti·

89 1047 161 1130 lis,
187 1068 255 1121 nec
276 1065 354 1117 non
374 1037 571 1137 deploratio
594 1035 727 1118 Troiae,
758 1054 838 1131 quae
856 1034 913 1108 his
937 1032 986 1108 est
1007 1032 1161 1109 versrbus
1186 1033 1364 1131 expressa:

378 1142 383 1155 '
427 1133 479 1210 Ue
503 1129 566 1204 tibi
597 1128 700 1227 Troia
717 1131 815 1224 peris
836 1134 998 1225 jamnon
1019 1126 1100 1203 miii
1125 1131 1212 1204 troia
1231 1129 1356 1206 videris

495 1222 657 1330 Jomjom
678 1220 780 1300 boios
801 1229 867 1300 eris
886 1250 934 1322 po
950 1251 1013 1300 cuo
1031 1227 1135 1326 instro
1154 1228 1254 1321 seris.

427 1321 540 1423 Conso
557 1327 608 1397 rei
628 1322 709 1396 eatis
726 1323 886 1398 meretrix
928 1324 978 1397 uit
1002 1322 1159 1418 exitioiiſs

494 1416 634 1497 Femina
649 1418 776 1512 satoiis
796 1419 927 1513 soniao
942 1419 1018 1511 seio
1042 1420 1153 1494 molis.
1674 1480 1680 1493 .

98 1525 172 1603 His
194 1517 333 1617 adjetta
355 1514 405 1592 est
431 1513 557 1595 subscri
584 1516 656 1591 tio:
683 1514 735 1588 Hi
758 1519 833 1590 oria
854 1513 1074 1631 destruiiioais
1095 1516 1180 1590 troie
1200 1516 1343 1616 eipostio
1357 1542 1400 1626 g
1421 1513 1560 1589 iudicem
1585 1511 1716 1588 Guieio·

95 1646 175 1695 uem
199 1617 240 1691 de
265 1614 438 1689 Columna.
485 1612 548 1687 Me
575 1616 670 1687 oneri.
702 1624 705 1629 '
733 1614 784 1685 nit
798 1612 947 1707 seiicrter
982 1610 1182 1687 latinitate
1207 1612 1377 1709 Argiriao
1404 1610 1519 1723 impfflr
1557 1611 1719 1723 ooniffime

99 1714 209 1793 Anao
233 1710 295 1787 deii
313 1710 370 1787 M.
383 1708 600 1788 cccclxxxix.
627 1708 720 1805 circo
736 1708 823 1808 sesti
843 1708 951 1806 sontii
975 1705 1106 1783 orbani.
1165 1708 1317 1786 Accedit
1343 1710 1496 1787 auitons
1518 1706 1564 1783 de
1585 1708 1721 1800 origine

99 1809 214 1908 hujus
242 1807 362 1905 operis
390 1808 561 1890 narratio,
600 1830 647 1881 ex
671 1826 742 1901 qua
766 1806 948 1892 dicimus,
970 1829 1054 1881 eum
1073 1805 1251 1881 historiam
1277 1807 1376 1883 suam
1397 1817 1513 1882 totam
1535 1828 1581 1879 ex
1606 1801 1721 1898 Dyiie

102 1902 266 1985 Cretenfi
302 1904 390 1999 (qui
410 1900 562 1998 dicitur)
592 1900 756 1986 haussiie.
778 1900 817 1978 δι
858 1904 990 1979 rimum
1012 1901 1090 1999 ejus
1111 1902 1239 1980 librum
1259 1904 1307 1979 ad
1328 1903 1530 1980 instantiam
1554 1898 1722 1977 Matthaei
1794 1964 1797 1969 .

101 2004 155 2079 de
172 2002 282 2077 Portu
304 1996 515 2075 salernitani
540 1997 801 2095 Archiepiscopi
822 1924 959 2075 iudum
986 2013 1087 2085 ante,
1114 2022 1220 2096 quarn
1245 2001 1424 2093 integrum
1449 2017 1538 2096 opus
1563 1993 1724 2074 absolvis·

102 2100 175 2211 setv
206 2094 444 2189 composuiiie.
497 2092 557 2168 Ad
579 2094 714 2169 calcem
734 2097 944 2172 narrationis
967 2096 1115 2171 demum
1136 2096 1284 2191 legitur:
1312 2095 1447 2171 Fadum
1474 2091 1660 2194 efl‘psearo

102 2220 128 2271 a
152 2190 258 2267 audire
287 2186 441 2265 Gnidoae
462 2187 497 2261 d'
520 2188 662 2310 meffiaao
694 2189 798 2263 Anno
819 2192 913 2266 deiice
932 2193 1173 2265 incarnationis
1194 2192 1370 2265 Meiiermo
1400 2190 1586 2287 ducitefimo

102 2290 226 2464 {esino
239 2286 380 2385 septimo
402 2284 541 2455 eirgdem
557 2311 634 2383 pme
655 2285 853 2365 iodiiiionis.
900 2286 942 2364 In
964 2288 1082 2362 aversa
1102 2290 1232 2384 pagina
1246 2287 1408 2382 ejusdem
1429 2287 1501 2361 folii
1523 2285 1644 2378 incipit
1664 2293 1721 2357 ta·
1791 2374 1794 2379 Ι

94 2402 97 2407 ·
135 2386 197 2463 ua
225 2384 285 2461 ieu
310 2383 426 2483 index·
470 2382 659 2477 ugulorum
687 2383 809 2458 ordine
843 2385 1026 2478 capitum:
1046 2385 1085 2457 in
1110 2384 1222 2478 prima
1248 2383 1416 2458 columna
1441 2382 1515 2456 folii
1547 2379 1721 2473 sequentis

105 2482 330 2559 terminatus.
379 2476 551 2553 'Eandem
573 2479 765 2553 editionem
784 2478 954 2554 recensuit
974 2476 1130 2575 Freytag
1150 2477 1187 2553 in
1214 2476 1395 2554 Analetiis
1417 2477 1525 2555 Lites.
1541 2497 1621 2575 pag.
1637 2478 1720 2569 30⁶.

105 2579 173 2677 qui
196 2575 233 2652 δι
254 2576 341 2653 alias
364 2571 528 2671 ejusdem
551 2575 719 2652 excitavit
738 2574 924 2653 editiones.
1576 2584 1580 2591 '

110 2854 219 2954 XV.
251 2846 478 2943 iioiioius
505 2852 555 2943 de
585 2853 771 2944 decimis.
833 2853 1109 2969 Memmingae
1130 2848 1348 2970 impreffus
1385 2877 1462 2969 per
1489 2850 1723 2943 Albertum

227 2972 283 3057 de
316 2966 560 3056 Duderstut.
593 2994 715 3081 1489·

280 3158 414 3270 Verba3
453 3156 624 3233 Troiiotos
649 3156 689 3235 de
708 3159 859 3248 decimis,
885 3162 1029 3256 gothico
1044 3162 1243 3239 clraraiiere
1259 3159 1451 3257 majusculo
1465 3150 1623 3330 impreiia
1645 3168 1726 3231 tan·

110 3280 196 3339 turn
215 3258 382 3333 locuntur
401 3278 440 3329 m
462 3257 575 3353 prima
597 3258 700 3350 primi
718 3258 791 3333 solii
814 3260 959 3356 pagina:
991 3262 1028 3333 in
1050 3260 1167 3335 averia
1190 3273 1312 3337 autem
1326 3257 1490 3353 ejusdem
1534 3257 1635 3351 nepte
1660 3252 1727 3328 Co·
1773 3346 1775 3350 .

141 3354 228 3453 iterii
247 3318 288 3425 ie
307 3348 497 3425 Reteotiooe
509 3348 684 3462 ,decimari
705 3351 762 3428 obi
785 3351 872 3450 ogit*
884 3355 1043 3446 quomodo
1058 3376 1070 3433 a
1078 3358 1111 3454 fi
1131 3353 1327 3451 excusantur
1348 3379 1412 3427 aon
1430 3352 1545 3426 dantes
1571 3351 1731 3426 decimor.

106 3382 326 3547 impreiium
346 3446 397 3521 est
419 3446 563 3545 gothico
587 3449 787 3526 charactere
809 3448 1006 3527 admodum
1029 3453 1186 3535 minuto,
1213 3449 1250 3526 δι
1271 3450 1413 3543 gracili,
1437 3448 1476 3524 δι
1500 3449 1558 3523 sex
1588 3460 1728 3523 tantum

116 3548 217 3627 foliis
239 3543 382 3619 constat
433 3540 496 3618 Ao
515 3542 652 3621 calcem
671 3546 796 3656 primae
821 3546 960 3654 paginae
987 3544 1077 3619 sexti
1097 3548 1172 3622 folii
1194 3545 1391 3639 subscriptio
1420 3540 1566 3639 sequens
1580 3540 1615 3617 le
1641 3542 1728 3614 itur:

28 3664 33 3669 ·
121 3640 316 3739 Capitulum
337 3637 378 3713 de
405 3640 580 3714 retentione
607 3636 757 3728 decemo4
784 3638 841 3715 vbi
865 3648 980 3737 agetur
1002 3639 1202 3737 quomodoe
1243 3664 1254 3711 r
1285 3637 1485 3734 excusantur
1513 3661 1580 3725 aon
1612 3564 1729 3708 iactes

118 3738 297 3917 ‘die'cioroa8
323 3731 497 3838 Impreffix
528 3756 569 3812 oc
589 3734 711 3834 finitor
732 3731 930 3835 Memmiagl
953 3732 1184 3846 godibertum
1242 3740 1303 3811 iae
1327 3731 1367 3809 de
1391 3732 1580 3835 Duderstoi.
1625 3724 1730 3827 Aaou

147 3858 195 3913 ar.
227 3849 274 3927 14
299 3851 332 3925 9.
1776 3892 1802 3903 ..
