<?xml version="1.0" encoding="UTF-8"?>
<!DOCTYPE html PUBLIC "-//W3C//DTD XHTML 1.0 Transitional//EN"
    "http://www.w3.org/TR/xhtml1/DTD/xhtml1-transitional.dtd">
<html xmlns="http://www.w3.org/1999/xhtml" xml:lang="en" lang="en">
 <head>
  <title>
</title>
<meta http-equiv="Content-Type" content="text/html;charset=utf-8" />
  <meta name='ocr-system' content='tesseract 3.04.00' />
  <meta name='ocr-capabilities' content='ocr_page ocr_carea ocr_par ocr_line ocrx_word'/>
</head>
<body>
  <div class='ocr_page' id='page_1' title='image "./bibliothecacade00seemgoog_0165.png"; bbox 0 0 3644 4964; ppageno 0'>
   <div class='ocr_carea' id='block_1_1' title="bbox 94 150 1082 283">
    <p class='ocr_par' dir='ltr' id='par_1_1' title="bbox 94 150 1082 283">
     <span class='ocr_line' id='line_1_1' title="bbox 94 150 1082 283; baseline -0.015 1"><span class='ocrx_word' id='word_1_1' title='bbox 94 168 177 283; x_wconf 68' lang='lat'>14⁶</span> <span class='ocrx_word' id='word_1_2' title='bbox 346 278 349 283; x_wconf 81' lang='grc'><strong>,</strong></span> <span class='ocrx_word' id='word_1_3' title='bbox 738 150 1082 275; x_wconf 50' lang='lat' dir='ltr'>Ab:</span> 
     </span>
    </p>
   </div>
   <div class='ocr_carea' id='block_1_2' title="bbox 88 350 1717 749">
    <p class='ocr_par' dir='ltr' id='par_1_2' title="bbox 88 350 1717 749">
     <span class='ocr_line' id='line_1_2' title="bbox 88 350 1716 456; baseline -0.002 -19"><span class='ocrx_word' id='word_1_4' title='bbox 88 358 368 447; x_wconf 81' lang='lat' dir='ltr'>Bihhothecam,</span> <span class='ocrx_word' id='word_1_5' title='bbox 393 359 433 435; x_wconf 86' lang='lat' dir='ltr'>in</span> <span class='ocrx_word' id='word_1_6' title='bbox 455 377 524 453; x_wconf 86' lang='lat' dir='ltr'>qua</span> <span class='ocrx_word' id='word_1_7' title='bbox 543 370 632 456; x_wconf 91' lang='lat' dir='ltr'>opus</span> <span class='ocrx_word' id='word_1_8' title='bbox 647 350 718 433; x_wconf 90' lang='lat' dir='ltr'>hoc</span> <span class='ocrx_word' id='word_1_9' title='bbox 738 358 933 455; x_wconf 84' lang='lat' dir='ltr'>integrum,</span> <span class='ocrx_word' id='word_1_10' title='bbox 1073 377 1133 436; x_wconf 86' lang='lat' dir='ltr'>ars</span> <span class='ocrx_word' id='word_1_11' title='bbox 1146 352 1466 445; x_wconf 79' lang='lat' dir='ltr'>scilicetaestivnlis,</span> <span class='ocrx_word' id='word_1_12' title='bbox 1494 376 1606 456; x_wconf 80' lang='lat' dir='ltr'>quarn</span> <span class='ocrx_word' id='word_1_13' title='bbox 1619 354 1716 455; x_wconf 82' lang='lat' dir='ltr'>hye·</span> 
     </span>
     <span class='ocr_line' id='line_1_3' title="bbox 93 381 1714 567; baseline -0.01 -22"><span class='ocrx_word' id='word_1_14' title='bbox 93 459 219 545; x_wconf 73' lang='lat' dir='ltr'>maHs,</span> <span class='ocrx_word' id='word_1_15' title='bbox 246 460 406 535; x_wconf 81' lang='lat' dir='ltr'>exstaret.</span> <span class='ocrx_word' id='word_1_16' title='bbox 439 456 501 567; x_wconf 64' lang='lat' dir='ltr'>ri.</span> <span class='ocrx_word' id='word_1_17' title='bbox 525 454 719 566; x_wconf 70' lang='lat' dir='ltr'>ChZapho</span> <span class='ocrx_word' id='word_1_18' title='bbox 740 454 777 536; x_wconf 81' lang='lat' dir='ltr'>tn</span> <span class='ocrx_word' id='word_1_19' title='bbox 799 455 1011 565; x_wconf 60' lang='lat' dir='ltr'>hinniunt</span> <span class='ocrx_word' id='word_1_20' title='bbox 1032 381 1314 566; x_wconf 32' lang='lat' dir='ltr'>§uehonti-eryt</span> <span class='ocrx_word' id='word_1_21' title='bbox 1328 451 1446 550; x_wconf 71' lang='lat' dir='ltr'>niun</span> <span class='ocrx_word' id='word_1_22' title='bbox 1467 452 1548 551; x_wconf 84' lang='lat' dir='ltr'>ejus</span> <span class='ocrx_word' id='word_1_23' title='bbox 1571 454 1714 531; x_wconf 78' lang='lat' dir='ltr'>nuttam</span> 
     </span>
     <span class='ocr_line' id='line_1_4' title="bbox 93 548 1717 649; baseline -0.002 -21"><span class='ocrx_word' id='word_1_24' title='bbox 93 553 226 633; x_wconf 68' lang='lat' dir='ltr'>fastam</span> <span class='ocrx_word' id='word_1_25' title='bbox 252 554 319 631; x_wconf 77' lang='lat' dir='ltr'>etse</span> <span class='ocrx_word' id='word_1_26' title='bbox 338 566 557 629; x_wconf 78' lang='lat' dir='ltr'>mentionem</span> <span class='ocrx_word' id='word_1_27' title='bbox 582 551 676 625; x_wconf 77' lang='lat' dir='ltr'>idem</span> <span class='ocrx_word' id='word_1_28' title='bbox 700 550 879 626; x_wconf 84' lang='lat' dir='ltr'>Panzerus</span> <span class='ocrx_word' id='word_1_29' title='bbox 899 574 974 647; x_wconf 83' lang='lat' dir='ltr'>Jam</span> <span class='ocrx_word' id='word_1_30' title='bbox 998 564 1145 630; x_wconf 71' lang='lat' dir='ltr'>notavit</span> <span class='ocrx_word' id='word_1_31' title='bbox 1198 548 1376 627; x_wconf 76' lang='lat' dir='ltr'>Videntur</span> <span class='ocrx_word' id='word_1_32' title='bbox 1407 573 1497 649; x_wconf 86' lang='lat' dir='ltr'>ergo</span> <span class='ocrx_word' id='word_1_33' title='bbox 1528 573 1612 631; x_wconf 77' lang='lat' dir='ltr'>tara</span> <span class='ocrx_word' id='word_1_34' title='bbox 1642 549 1717 625; x_wconf 82' lang='lat' dir='ltr'>eiie</span> 
     </span>
     <span class='ocr_line' id='line_1_5' title="bbox 97 648 757 749; baseline -0.005 -24"><span class='ocrx_word' id='word_1_35' title='bbox 97 648 177 747; x_wconf 85' lang='lat' dir='ltr'>ejus</span> <span class='ocrx_word' id='word_1_36' title='bbox 201 651 435 749; x_wconf 80' lang='lat' dir='ltr'>exemplaria,</span> <span class='ocrx_word' id='word_1_37' title='bbox 468 649 591 723; x_wconf 81' lang='lat' dir='ltr'>saltem</span> <span class='ocrx_word' id='word_1_38' title='bbox 610 649 757 742; x_wconf 81' lang='lat' dir='ltr'>integra.</span> 
     </span>
    </p>
   </div>
   <div class='ocr_carea' id='block_1_3' title="bbox 96 823 1722 1123">
    <p class='ocr_par' dir='ltr' id='par_1_3' title="bbox 96 823 1722 1123">
     <span class='ocr_line' id='line_1_6' title="bbox 99 823 1717 1009; baseline -0.006 -19"><span class='ocrx_word' id='word_1_39' title='bbox 99 893 281 991; x_wconf 83' lang='lat' dir='ltr'><strong>XXXV.</strong></span> <span class='ocrx_word' id='word_1_40' title='bbox 310 823 599 1009; x_wconf 80' lang='lat' dir='ltr'>Johannisde</span> <span class='ocrx_word' id='word_1_41' title='bbox 627 887 764 1003; x_wconf 84' lang='lat' dir='ltr'>Junua</span> <span class='ocrx_word' id='word_1_42' title='bbox 788 890 895 980; x_wconf 86' lang='lat' dir='ltr'>Ord.</span> <span class='ocrx_word' id='word_1_43' title='bbox 931 891 1063 983; x_wconf 86' lang='lat' dir='ltr'>l’raed.</span> <span class='ocrx_word' id='word_1_44' title='bbox 1091 891 1287 1003; x_wconf 81' lang='lat' dir='ltr'>Summa,</span> <span class='ocrx_word' id='word_1_45' title='bbox 1316 890 1389 983; x_wconf 85' lang='lat' dir='ltr'>seu</span> <span class='ocrx_word' id='word_1_46' title='bbox 1427 890 1717 984; x_wconf 80' lang='lat' dir='ltr'>Catholicon.</span> 
     </span>
     <span class='ocr_line' id='line_1_7' title="bbox 96 1003 1722 1123; baseline 0 -26"><span class='ocrx_word' id='word_1_47' title='bbox 96 1072 102 1087; x_wconf 68' lang='grc'>.</span> <span class='ocrx_word' id='word_1_48' title='bbox 213 1008 317 1123; x_wconf 81' lang='lat' dir='ltr'>Joh.</span> <span class='ocrx_word' id='word_1_49' title='bbox 343 1011 398 1096; x_wconf 78' lang='lat' dir='ltr'>de</span> <span class='ocrx_word' id='word_1_50' title='bbox 425 1007 552 1095; x_wconf 79' lang='lat' dir='ltr'>Proto</span> <span class='ocrx_word' id='word_1_51' title='bbox 581 1006 662 1117; x_wconf 92' lang='lat' dir='ltr'>(du</span> <span class='ocrx_word' id='word_1_52' title='bbox 686 1003 937 1117; x_wconf 78' lang='lat' dir='ltr'>Pre&#39;)1439.</span> <span class='ocrx_word' id='word_1_53' title='bbox 967 1008 1013 1094; x_wconf 92' lang='lat' dir='ltr'>in</span> <span class='ocrx_word' id='word_1_54' title='bbox 1038 1004 1078 1093; x_wconf 86' lang='lat' dir='ltr'>F</span> <span class='ocrx_word' id='word_1_55' title='bbox 1082 1008 1145 1104; x_wconf 78' lang='lat' dir='ltr'>ol.</span> <span class='ocrx_word' id='word_1_56' title='bbox 1716 1080 1722 1087; x_wconf 95' lang='lat'>.</span> 
     </span>
    </p>
   </div>
   <div class='ocr_carea' id='block_1_4' title="bbox 16 1194 1772 3302">
    <p class='ocr_par' dir='ltr' id='par_1_4' title="bbox 16 1194 1772 2425">
     <span class='ocr_line' id='line_1_8' title="bbox 258 1194 1772 1297; baseline -0.002 -21"><span class='ocrx_word' id='word_1_57' title='bbox 258 1200 316 1277; x_wconf 87' lang='lat' dir='ltr'>De</span> <span class='ocrx_word' id='word_1_58' title='bbox 335 1199 407 1297; x_wconf 83' lang='lat' dir='ltr'>ipio</span> <span class='ocrx_word' id='word_1_59' title='bbox 431 1218 555 1296; x_wconf 88' lang='lat' dir='ltr'>opere,</span> <span class='ocrx_word' id='word_1_60' title='bbox 586 1194 733 1293; x_wconf 83' lang='lat' dir='ltr'>ejusque</span> <span class='ocrx_word' id='word_1_61' title='bbox 745 1194 892 1270; x_wconf 69' lang='lat' dir='ltr'>&#39;austore</span> <span class='ocrx_word' id='word_1_62' title='bbox 916 1196 1008 1275; x_wconf 86' lang='lat' dir='ltr'>conf.</span> <span class='ocrx_word' id='word_1_63' title='bbox 1035 1197 1126 1275; x_wconf 70' lang='lat' dir='ltr'>dista</span> <span class='ocrx_word' id='word_1_64' title='bbox 1137 1197 1173 1275; x_wconf 82' lang='lat' dir='ltr'>F</span> <span class='ocrx_word' id='word_1_65' title='bbox 1172 1198 1242 1279; x_wconf 77' lang='lat' dir='ltr'>asc.</span> <span class='ocrx_word' id='word_1_66' title='bbox 1255 1198 1282 1274; x_wconf 90' lang='grc' dir='ltr'>Ι.</span> <span class='ocrx_word' id='word_1_67' title='bbox 1336 1220 1392 1295; x_wconf 84' lang='lat' dir='ltr'>ag.</span> <span class='ocrx_word' id='word_1_68' title='bbox 1411 1218 1467 1291; x_wconf 82' lang='lat'>15.</span> <span class='ocrx_word' id='word_1_69' title='bbox 1493 1200 1558 1275; x_wconf 87' lang='lat' dir='ltr'>‘ln</span> <span class='ocrx_word' id='word_1_70' title='bbox 1574 1204 1720 1273; x_wconf 84' lang='lat' dir='ltr'>&#39;exeru·</span> <span class='ocrx_word' id='word_1_71' title='bbox 1768 1280 1772 1287; x_wconf 61' lang='grc'><strong>,</strong></span> 
     </span>
     <span class='ocr_line' id='line_1_9' title="bbox 99 1220 1719 1405; baseline -0.004 -31"><span class='ocrx_word' id='word_1_72' title='bbox 99 1298 207 1398; x_wconf 82' lang='lat' dir='ltr'>plari,</span> <span class='ocrx_word' id='word_1_73' title='bbox 233 1299 329 1394; x_wconf 89' lang='lat' dir='ltr'>quod</span> <span class='ocrx_word' id='word_1_74' title='bbox 352 1320 446 1370; x_wconf 91' lang='lat' dir='ltr'>nunc</span> <span class='ocrx_word' id='word_1_75' title='bbox 474 1316 548 1405; x_wconf 87' lang='lat' dir='ltr'>prae</span> <span class='ocrx_word' id='word_1_76' title='bbox 579 1293 691 1366; x_wconf 87' lang='lat' dir='ltr'>oculis</span> <span class='ocrx_word' id='word_1_77' title='bbox 725 1292 815 1403; x_wconf 81' lang='lat' dir='ltr'>rnihi</span> <span class='ocrx_word' id='word_1_78' title='bbox 838 1292 903 1373; x_wconf 80' lang='lat' dir='ltr'>est,</span> <span class='ocrx_word' id='word_1_79' title='bbox 934 1294 1087 1387; x_wconf 87' lang='lat' dir='ltr'>primurn</span> <span class='ocrx_word' id='word_1_80' title='bbox 1107 1294 1231 1370; x_wconf 90' lang='lat' dir='ltr'>folium</span> <span class='ocrx_word' id='word_1_81' title='bbox 1256 1220 1481 1371; x_wconf 65' lang='lat' dir='ltr'>deidennu.</span> <span class='ocrx_word' id='word_1_82' title='bbox 1559 1292 1719 1368; x_wconf 81' lang='lat' dir='ltr'>thetur</span> 
     </span>
     <span class='ocr_line' id='line_1_10' title="bbox 16 1388 1721 1486; baseline -0.005 -16"><span class='ocrx_word' id='word_1_83' title='bbox 16 1471 18 1477; x_wconf 82' lang='grc'>,</span> <span class='ocrx_word' id='word_1_84' title='bbox 101 1407 225 1472; x_wconf 85' lang='lat' dir='ltr'>autem</span> <span class='ocrx_word' id='word_1_85' title='bbox 246 1407 309 1468; x_wconf 84' lang='lat' dir='ltr'>nut</span> <span class='ocrx_word' id='word_1_86' title='bbox 331 1391 443 1465; x_wconf 88' lang='lat' dir='ltr'>solum</span> <span class='ocrx_word' id='word_1_87' title='bbox 460 1390 623 1472; x_wconf 77' lang='lat' dir='ltr'>mulum,</span> <span class='ocrx_word' id='word_1_88' title='bbox 646 1401 708 1461; x_wconf 87' lang='lat' dir='ltr'>aut</span> <span class='ocrx_word' id='word_1_89' title='bbox 728 1388 815 1462; x_wconf 83' lang='lat' dir='ltr'>mini</span> <span class='ocrx_word' id='word_1_90' title='bbox 835 1390 978 1463; x_wconf 87' lang='lat' dir='ltr'>omnino</span> <span class='ocrx_word' id='word_1_91' title='bbox 999 1390 1202 1486; x_wconf 79' lang='lat' dir='ltr'>impreffum</span> <span class='ocrx_word' id='word_1_92' title='bbox 1216 1390 1381 1466; x_wconf 78' lang='lat' dir='ltr'>habuiffe.</span> <span class='ocrx_word' id='word_1_93' title='bbox 1429 1389 1528 1464; x_wconf 81' lang='lat' dir='ltr'>Folio</span> <span class='ocrx_word' id='word_1_94' title='bbox 1550 1390 1721 1472; x_wconf 83' lang='lat' dir='ltr'>sectmdo,</span> 
     </span>
     <span class='ocr_line' id='line_1_11' title="bbox 101 1481 1721 1590; baseline -0.006 -25"><span class='ocrx_word' id='word_1_95' title='bbox 101 1490 239 1585; x_wconf 78' lang='lat' dir='ltr'>signato</span> <span class='ocrx_word' id='word_1_96' title='bbox 252 1512 274 1561; x_wconf 83' lang='lat' dir='ltr'><strong><em>a</em></strong></span> <span class='ocrx_word' id='word_1_97' title='bbox 289 1490 324 1582; x_wconf 88' lang='lat' dir='ltr'>ij.</span> <span class='ocrx_word' id='word_1_98' title='bbox 358 1485 484 1581; x_wconf 89' lang='lat' dir='ltr'>Incipit</span> <span class='ocrx_word' id='word_1_99' title='bbox 493 1484 699 1578; x_wconf 85' lang='lat' dir='ltr'>summaque</span> <span class='ocrx_word' id='word_1_100' title='bbox 714 1497 860 1558; x_wconf 88' lang='lat' dir='ltr'>vocatur</span> <span class='ocrx_word' id='word_1_101' title='bbox 874 1485 1092 1559; x_wconf 84' lang='lat' dir='ltr'><strong>catholicon:</strong></span> <span class='ocrx_word' id='word_1_102' title='bbox 1120 1486 1210 1560; x_wconf 81' lang='lat' dir='ltr'>edita</span> <span class='ocrx_word' id='word_1_103' title='bbox 1223 1511 1245 1559; x_wconf 85' lang='lat' dir='ltr'><em>a</em></span> <span class='ocrx_word' id='word_1_104' title='bbox 1253 1488 1368 1579; x_wconf 80' lang='lat' dir='ltr'>fratre</span> <span class='ocrx_word' id='word_1_105' title='bbox 1381 1481 1546 1590; x_wconf 61' lang='lat' dir='ltr'>eJohnnne</span> <span class='ocrx_word' id='word_1_106' title='bbox 1559 1484 1601 1558; x_wconf 90' lang='lat' dir='ltr'>de</span> <span class='ocrx_word' id='word_1_107' title='bbox 1613 1486 1721 1557; x_wconf 83' lang='lat' dir='ltr'>innuo</span> 
     </span>
     <span class='ocr_line' id='line_1_12' title="bbox 103 1568 1721 1678; baseline -0.005 -18"><span class='ocrx_word' id='word_1_108' title='bbox 103 1573 197 1660; x_wconf 83' lang='lat' dir='ltr'>ordis</span> <span class='ocrx_word' id='word_1_109' title='bbox 211 1583 316 1678; x_wconf 82' lang='lat' dir='ltr'>srnt4</span> <span class='ocrx_word' id='word_1_110' title='bbox 336 1580 515 1677; x_wconf 64' lang='lat' dir='ltr'>perenn,</span> <span class='ocrx_word' id='word_1_111' title='bbox 543 1580 688 1673; x_wconf 92' lang='lat' dir='ltr'>gothico</span> <span class='ocrx_word' id='word_1_112' title='bbox 709 1579 907 1655; x_wconf 80' lang='lat' dir='ltr'>charattere</span> <span class='ocrx_word' id='word_1_113' title='bbox 931 1581 1147 1676; x_wconf 83' lang='lat' dir='ltr'>pereleganti</span> <span class='ocrx_word' id='word_1_114' title='bbox 1170 1580 1370 1657; x_wconf 85' lang='lat' dir='ltr'>firmiffirnae</span> <span class='ocrx_word' id='word_1_115' title='bbox 1396 1583 1558 1677; x_wconf 86' lang='lat' dir='ltr'>quidem,</span> <span class='ocrx_word' id='word_1_116' title='bbox 1583 1593 1624 1654; x_wconf 85' lang='lat' dir='ltr'>at</span> <span class='ocrx_word' id='word_1_117' title='bbox 1645 1568 1721 1653; x_wconf 88' lang='lat' dir='ltr'>rni-</span> 
     </span>
     <span class='ocr_line' id='line_1_13' title="bbox 101 1674 1721 1774; baseline -0.004 -19"><span class='ocrx_word' id='word_1_118' title='bbox 101 1698 171 1755; x_wconf 87' lang='lat' dir='ltr'>nus</span> <span class='ocrx_word' id='word_1_119' title='bbox 192 1680 285 1755; x_wconf 81' lang='lat' dir='ltr'>ulbae</span> <span class='ocrx_word' id='word_1_120' title='bbox 307 1678 345 1752; x_wconf 76' lang='grc' dir='ltr'>δι</span> <span class='ocrx_word' id='word_1_121' title='bbox 368 1678 489 1772; x_wconf 86' lang='lat' dir='ltr'>politae</span> <span class='ocrx_word' id='word_1_122' title='bbox 509 1677 646 1749; x_wconf 89' lang='lat' dir='ltr'>chartae</span> <span class='ocrx_word' id='word_1_123' title='bbox 667 1675 706 1748; x_wconf 91' lang='lat' dir='ltr'>in</span> <span class='ocrx_word' id='word_1_124' title='bbox 723 1675 860 1751; x_wconf 85' lang='lat' dir='ltr'>duabus</span> <span class='ocrx_word' id='word_1_125' title='bbox 880 1675 1055 1750; x_wconf 85' lang='lat' dir='ltr'>columnis</span> <span class='ocrx_word' id='word_1_126' title='bbox 1074 1678 1244 1774; x_wconf 80' lang='lat' dir='ltr'>impreffa.</span> <span class='ocrx_word' id='word_1_127' title='bbox 1291 1677 1503 1770; x_wconf 78' lang='lat' dir='ltr'>paginarum</span> <span class='ocrx_word' id='word_1_128' title='bbox 1520 1674 1721 1770; x_wconf 82' lang='lat' dir='ltr'>inscriptio-</span> 
     </span>
     <span class='ocr_line' id='line_1_14' title="bbox 101 1767 1720 1869; baseline -0.002 -19"><span class='ocrx_word' id='word_1_129' title='bbox 101 1797 189 1860; x_wconf 84' lang='lat' dir='ltr'>nes,</span> <span class='ocrx_word' id='word_1_130' title='bbox 218 1798 249 1850; x_wconf 87' lang='lat' dir='ltr'>e.</span> <span class='ocrx_word' id='word_1_131' title='bbox 265 1797 301 1869; x_wconf 85' lang='lat' dir='ltr'>g.</span> <span class='ocrx_word' id='word_1_132' title='bbox 326 1770 381 1846; x_wconf 85' lang='lat' dir='ltr'>De</span> <span class='ocrx_word' id='word_1_133' title='bbox 402 1772 515 1845; x_wconf 81' lang='lat' dir='ltr'>littera</span> <span class='ocrx_word' id='word_1_134' title='bbox 538 1767 574 1843; x_wconf 87' lang='grc' dir='ltr'><em>Ε</em></span> <span class='ocrx_word' id='word_1_135' title='bbox 596 1782 672 1843; x_wconf 74' lang='lat' dir='ltr'>nnete</span> <span class='ocrx_word' id='word_1_136' title='bbox 693 1768 726 1846; x_wconf 89' lang='lat' dir='ltr'><em>S</em></span> <span class='ocrx_word' id='word_1_137' title='bbox 741 1807 791 1826; x_wconf 90' lang='lat'>···</span> <span class='ocrx_word' id='word_1_138' title='bbox 819 1768 875 1843; x_wconf 86' lang='lat' dir='ltr'>De</span> <span class='ocrx_word' id='word_1_139' title='bbox 893 1770 1005 1845; x_wconf 78' lang='lat' dir='ltr'>littero</span> <span class='ocrx_word' id='word_1_140' title='bbox 1025 1772 1061 1844; x_wconf 90' lang='lat' dir='ltr'><em>P</em></span> <span class='ocrx_word' id='word_1_141' title='bbox 1077 1786 1154 1847; x_wconf 79' lang='lat' dir='ltr'>ante</span> <span class='ocrx_word' id='word_1_142' title='bbox 1172 1771 1231 1857; x_wconf 84' lang='lat' dir='ltr'>A,</span> <span class='ocrx_word' id='word_1_143' title='bbox 1256 1773 1407 1848; x_wconf 81' lang='lat' dir='ltr'>initiales</span> <span class='ocrx_word' id='word_1_144' title='bbox 1433 1772 1555 1848; x_wconf 79' lang='lat' dir='ltr'>literas</span> <span class='ocrx_word' id='word_1_145' title='bbox 1572 1791 1720 1867; x_wconf 75' lang='lat' dir='ltr'>parvas,</span> 
     </span>
     <span class='ocr_line' id='line_1_15' title="bbox 103 1865 1722 1966; baseline -0.004 -21"><span class='ocrx_word' id='word_1_146' title='bbox 103 1868 143 1946; x_wconf 84' lang='lat'>&amp;</span> <span class='ocrx_word' id='word_1_147' title='bbox 160 1867 355 1965; x_wconf 67' lang='lat' dir='ltr'>signatores</span> <span class='ocrx_word' id='word_1_148' title='bbox 377 1869 422 1943; x_wconf 77' lang='lat' dir='ltr'>ab</span> <span class='ocrx_word' id='word_1_149' title='bbox 440 1892 518 1939; x_wconf 86' lang='lat' dir='ltr'>n-</span> <span class='ocrx_word' id='word_1_150' title='bbox 535 1883 561 1959; x_wconf 72' lang='lat' dir='ltr'>y.</span> <span class='ocrx_word' id='word_1_151' title='bbox 580 1866 669 1940; x_wconf 87' lang='lat' dir='ltr'>item</span> <span class='ocrx_word' id='word_1_152' title='bbox 689 1887 703 1943; x_wconf 80' lang='lat'>2</span> <span class='ocrx_word' id='word_1_153' title='bbox 727 1866 765 1941; x_wconf 78' lang='lat' dir='ltr'>dt</span> <span class='ocrx_word' id='word_1_154' title='bbox 785 1886 806 1936; x_wconf 87' lang='lat' dir='ltr'>o</span> <span class='ocrx_word' id='word_1_155' title='bbox 829 1890 896 1941; x_wconf 90' lang='lat' dir='ltr'>nec</span> <span class='ocrx_word' id='word_1_156' title='bbox 918 1892 991 1942; x_wconf 91' lang='lat' dir='ltr'>non</span> <span class='ocrx_word' id='word_1_157' title='bbox 1014 1865 1116 1941; x_wconf 85' lang='lat' dir='ltr'>A-</span> <span class='ocrx_word' id='word_1_158' title='bbox 1130 1867 1169 1946; x_wconf 91' lang='lat' dir='ltr'>S.</span> <span class='ocrx_word' id='word_1_159' title='bbox 1184 1867 1428 1966; x_wconf 83' lang='lat' dir='ltr'>typographus</span> <span class='ocrx_word' id='word_1_160' title='bbox 1449 1865 1590 1963; x_wconf 81' lang='lat' dir='ltr'>adjecit</span> <span class='ocrx_word' id='word_1_161' title='bbox 1641 1866 1722 1939; x_wconf 90' lang='lat' dir='ltr'>De-</span> 
     </span>
     <span class='ocr_line' id='line_1_16' title="bbox 63 1959 1720 2058; baseline -0.004 -17"><span class='ocrx_word' id='word_1_162' title='bbox 63 1965 183 2041; x_wconf 82' lang='lat' dir='ltr'>-tunt</span> <span class='ocrx_word' id='word_1_163' title='bbox 207 1986 293 2041; x_wconf 86' lang='lat' dir='ltr'>vero</span> <span class='ocrx_word' id='word_1_164' title='bbox 328 1961 509 2046; x_wconf 88' lang='lat' dir='ltr'>custodes,</span> <span class='ocrx_word' id='word_1_165' title='bbox 546 1959 584 2036; x_wconf 74' lang='grc' dir='ltr'>δι</span> <span class='ocrx_word' id='word_1_166' title='bbox 616 1963 754 2036; x_wconf 88' lang='lat' dir='ltr'>numeri</span> <span class='ocrx_word' id='word_1_167' title='bbox 786 1964 1003 2056; x_wconf 85' lang='lat' dir='ltr'>paginarum.</span> <span class='ocrx_word' id='word_1_168' title='bbox 1071 1965 1333 2051; x_wconf 89' lang='lat' dir='ltr'>Quinternionis</span> <span class='ocrx_word' id='word_1_169' title='bbox 1354 1964 1382 2041; x_wconf 88' lang='lat' dir='ltr'>S</span> <span class='ocrx_word' id='word_1_170' title='bbox 1402 1963 1486 2039; x_wconf 85' lang='lat' dir='ltr'>folia</span> <span class='ocrx_word' id='word_1_171' title='bbox 1506 1962 1720 2058; x_wconf 84' lang='lat' dir='ltr'>septimum,</span> 
     </span>
     <span class='ocr_line' id='line_1_17' title="bbox 105 2055 1722 2155; baseline -0.002 -20"><span class='ocrx_word' id='word_1_172' title='bbox 105 2060 288 2141; x_wconf 69' lang='lat' dir='ltr'>neutum,</span> <span class='ocrx_word' id='word_1_173' title='bbox 314 2058 352 2135; x_wconf 90' lang='lat'>&amp;</span> <span class='ocrx_word' id='word_1_174' title='bbox 372 2059 551 2133; x_wconf 89' lang='lat' dir='ltr'>decimum</span> <span class='ocrx_word' id='word_1_175' title='bbox 575 2055 670 2146; x_wconf 89' lang='lat' dir='ltr'>(hoc</span> <span class='ocrx_word' id='word_1_176' title='bbox 685 2057 829 2153; x_wconf 89' lang='lat' dir='ltr'>quidem</span> <span class='ocrx_word' id='word_1_177' title='bbox 842 2058 934 2133; x_wconf 90' lang='lat' dir='ltr'>sorte</span> <span class='ocrx_word' id='word_1_178' title='bbox 950 2081 1106 2135; x_wconf 86' lang='lat' dir='ltr'>vacuum</span> <span class='ocrx_word' id='word_1_179' title='bbox 1124 2059 1376 2155; x_wconf 75' lang='lat' dir='ltr'>erat),d&#39;esunt</span> <span class='ocrx_word' id='word_1_180' title='bbox 1393 2061 1430 2133; x_wconf 91' lang='lat' dir='ltr'>in</span> <span class='ocrx_word' id='word_1_181' title='bbox 1450 2058 1567 2133; x_wconf 88' lang='lat' dir='ltr'>nostro</span> <span class='ocrx_word' id='word_1_182' title='bbox 1590 2078 1722 2131; x_wconf 86' lang='lat' dir='ltr'>exem·</span> 
     </span>
     <span class='ocr_line' id='line_1_18' title="bbox 103 2150 1723 2254; baseline -0.004 -23"><span class='ocrx_word' id='word_1_183' title='bbox 103 2156 205 2254; x_wconf 81' lang='lat' dir='ltr'>pleri.</span> <span class='ocrx_word' id='word_1_184' title='bbox 256 2155 336 2230; x_wconf 87' lang='lat' dir='ltr'>Post</span> <span class='ocrx_word' id='word_1_185' title='bbox 360 2156 518 2232; x_wconf 87' lang='lat' dir='ltr'>medium</span> <span class='ocrx_word' id='word_1_186' title='bbox 543 2174 629 2227; x_wconf 84' lang='lat' dir='ltr'>uero</span> <span class='ocrx_word' id='word_1_187' title='bbox 652 2155 831 2228; x_wconf 81' lang='lat' dir='ltr'>columnae</span> <span class='ocrx_word' id='word_1_188' title='bbox 880 2169 991 2231; x_wconf 84' lang='lat' dir='ltr'>uartae</span> <span class='ocrx_word' id='word_1_189' title='bbox 1017 2156 1089 2229; x_wconf 89' lang='lat' dir='ltr'>folii</span> <span class='ocrx_word' id='word_1_190' title='bbox 1111 2157 1194 2230; x_wconf 91' lang='lat' dir='ltr'>noni</span> <span class='ocrx_word' id='word_1_191' title='bbox 1223 2154 1386 2251; x_wconf 85' lang='lat' dir='ltr'>ejusdem</span> <span class='ocrx_word' id='word_1_192' title='bbox 1399 2153 1652 2249; x_wconf 87' lang='lat' dir='ltr'>quintemionis</span> <span class='ocrx_word' id='word_1_193' title='bbox 1666 2150 1723 2225; x_wconf 86' lang='lat' dir='ltr'>ie·</span> 
     </span>
     <span class='ocr_line' id='line_1_19' title="bbox 105 2175 1724 2425; baseline -0.002 -98"><span class='ocrx_word' id='word_1_194' title='bbox 105 2251 280 2425; x_wconf 47' lang='lat' dir='ltr'>quenti}is</span> <span class='ocrx_word' id='word_1_195' title='bbox 276 2252 443 2360; x_wconf 73' lang='lat' dir='ltr'>leguntur</span> <span class='ocrx_word' id='word_1_196' title='bbox 461 2249 635 2333; x_wconf 84' lang='lat' dir='ltr'>carmina,</span> <span class='ocrx_word' id='word_1_197' title='bbox 660 2266 706 2322; x_wconf 85' lang='lat' dir='ltr'>ex</span> <span class='ocrx_word' id='word_1_198' title='bbox 723 2175 989 2344; x_wconf 69' lang='lat' dir='ltr'>quibusiocum</span> <span class='ocrx_word' id='word_1_199' title='bbox 1011 2249 1257 2348; x_wconf 61' lang='lat' dir='ltr'>impressum,</span> <span class='ocrx_word' id='word_1_200' title='bbox 1280 2250 1566 2348; x_wconf 84' lang='lat' dir='ltr'>typographum,</span> <span class='ocrx_word' id='word_1_201' title='bbox 1588 2244 1628 2324; x_wconf 78' lang='grc' dir='ltr'>δι</span> <span class='ocrx_word' id='word_1_202' title='bbox 1653 2268 1724 2325; x_wconf 79' lang='lat' dir='ltr'>nu·</span> 
     </span>
     <span class='ocr_line' id='line_1_20' title="bbox 106 2370 405 2425; baseline -0.003 -2"><span class='ocrx_word' id='word_1_203' title='bbox 106 2370 193 2425; x_wconf 89' lang='lat' dir='ltr'>num</span> <span class='ocrx_word' id='word_1_204' title='bbox 274 2370 405 2424; x_wconf 77' lang='lat' dir='ltr'>cuuus:</span> 
     </span>
    </p>

    <p class='ocr_par' dir='ltr' id='par_1_5' title="bbox 111 2436 1390 3302">
     <span class='ocr_line' id='line_1_21' title="bbox 495 2436 1390 2543; baseline -0.004 -27"><span class='ocrx_word' id='word_1_205' title='bbox 495 2438 625 2517; x_wconf 78' lang='lat' dir='ltr'>Littere</span> <span class='ocrx_word' id='word_1_206' title='bbox 648 2450 685 2513; x_wconf 83' lang='lat' dir='ltr'>nt</span> <span class='ocrx_word' id='word_1_207' title='bbox 701 2441 850 2536; x_wconf 84' lang='lat' dir='ltr'>precium</span> <span class='ocrx_word' id='word_1_208' title='bbox 873 2436 1052 2543; x_wconf 55' lang='lat' dir='ltr'>johannis</span> <span class='ocrx_word' id='word_1_209' title='bbox 1063 2439 1190 2538; x_wconf 78' lang='lat' dir='ltr'>surgat</span> <span class='ocrx_word' id='word_1_210' title='bbox 1212 2441 1254 2516; x_wconf 89' lang='lat' dir='ltr'>de</span> <span class='ocrx_word' id='word_1_211' title='bbox 1279 2438 1390 2520; x_wconf 76' lang='lat' dir='ltr'>Prote</span> 
     </span>
     <span class='ocr_line' id='line_1_22' title="bbox 498 2532 1227 2636; baseline 0.005 -26"><span class='ocrx_word' id='word_1_212' title='bbox 498 2534 663 2633; x_wconf 80' lang='lat' dir='ltr'>Lugduni</span> <span class='ocrx_word' id='word_1_213' title='bbox 685 2532 868 2610; x_wconf 76' lang='lat' dir='ltr'>catholicon</span> <span class='ocrx_word' id='word_1_214' title='bbox 893 2538 1044 2636; x_wconf 81' lang='lat' dir='ltr'>ienpeefflt</span> <span class='ocrx_word' id='word_1_215' title='bbox 1060 2549 1133 2613; x_wconf 80' lang='lat' dir='ltr'>orte</span> <span class='ocrx_word' id='word_1_216' title='bbox 1148 2537 1227 2634; x_wconf 85' lang='lat' dir='ltr'>suu.</span> 
     </span>
     <span class='ocr_line' id='line_1_23' title="bbox 497 2628 1178 2729; baseline -0.003 -22"><span class='ocrx_word' id='word_1_217' title='bbox 497 2630 602 2707; x_wconf 84' lang='lat' dir='ltr'>Anno</span> <span class='ocrx_word' id='word_1_218' title='bbox 623 2629 754 2704; x_wconf 75' lang='lat' dir='ltr'>milleno</span> <span class='ocrx_word' id='word_1_219' title='bbox 777 2628 827 2706; x_wconf 80' lang='lat' dir='ltr'>his</span> <span class='ocrx_word' id='word_1_220' title='bbox 848 2631 984 2706; x_wconf 82' lang='lat' dir='ltr'>ducente</span> <span class='ocrx_word' id='word_1_221' title='bbox 1004 2632 1178 2729; x_wconf 76' lang='lat' dir='ltr'>oiinageno</span> 
     </span>
     <span class='ocr_line' id='line_1_24' title="bbox 391 2726 1175 2825; baseline 0 -26"><span class='ocrx_word' id='word_1_222' title='bbox 391 2774 399 2785; x_wconf 51' lang='grc' dir='ltr'><strong><em>ι</em></strong></span> <span class='ocrx_word' id='word_1_223' title='bbox 502 2726 631 2825; x_wconf 77' lang='lat' dir='ltr'>Qrtnter</span> <span class='ocrx_word' id='word_1_224' title='bbox 653 2727 775 2822; x_wconf 85' lang='lat' dir='ltr'>viginti</span> <span class='ocrx_word' id='word_1_225' title='bbox 796 2752 929 2801; x_wconf 79' lang='lat' dir='ltr'>numero</span> <span class='ocrx_word' id='word_1_226' title='bbox 949 2726 1066 2801; x_wconf 83' lang='lat' dir='ltr'>udditu</span> <span class='ocrx_word' id='word_1_227' title='bbox 1088 2752 1175 2802; x_wconf 86' lang='lat' dir='ltr'>nono</span> 
     </span>
     <span class='ocr_line' id='line_1_25' title="bbox 495 2819 1194 2921; baseline 0.003 -26"><span class='ocrx_word' id='word_1_228' title='bbox 495 2823 634 2895; x_wconf 83' lang='lat' dir='ltr'>Decima</span> <span class='ocrx_word' id='word_1_229' title='bbox 659 2819 835 2895; x_wconf 81' lang='lat' dir='ltr'>decembris</span> <span class='ocrx_word' id='word_1_230' title='bbox 857 2820 943 2896; x_wconf 78' lang='lat' dir='ltr'>donn</span> <span class='ocrx_word' id='word_1_231' title='bbox 959 2836 1121 2921; x_wconf 74' lang='lat' dir='ltr'>perdenda</span> <span class='ocrx_word' id='word_1_232' title='bbox 1138 2821 1194 2897; x_wconf 85' lang='lat' dir='ltr'>die</span> 
     </span>
     <span class='ocr_line' id='line_1_26' title="bbox 493 2917 1193 3015; baseline 0.001 -24"><span class='ocrx_word' id='word_1_233' title='bbox 493 2917 563 2991; x_wconf 86' lang='lat' dir='ltr'>Det</span> <span class='ocrx_word' id='word_1_234' title='bbox 584 2919 638 2990; x_wconf 89' lang='lat' dir='ltr'>cni</span> <span class='ocrx_word' id='word_1_235' title='bbox 647 2917 763 3011; x_wconf 87' lang='lat' dir='ltr'>seiices</span> <span class='ocrx_word' id='word_1_236' title='bbox 782 2921 847 2990; x_wconf 83' lang='lat' dir='ltr'>uite</span> <span class='ocrx_word' id='word_1_237' title='bbox 871 2943 1058 3013; x_wconf 84' lang='lat' dir='ltr'>componere</span> <span class='ocrx_word' id='word_1_238' title='bbox 1081 2918 1193 3015; x_wconf 76' lang='lat' dir='ltr'>cursus</span> 
     </span>
     <span class='ocr_line' id='line_1_27' title="bbox 498 3008 1387 3182; baseline 0.002 -98"><span class='ocrx_word' id='word_1_239' title='bbox 498 3008 646 3113; x_wconf 73' lang='lat' dir='ltr'>Jupiter</span> <span class='ocrx_word' id='word_1_240' title='bbox 670 3013 973 3182; x_wconf 43' lang='lat' dir='ltr'>omnipoteniqnntn</span> <span class='ocrx_word' id='word_1_241' title='bbox 995 3015 1053 3110; x_wconf 88' lang='lat' dir='ltr'>qui</span> <span class='ocrx_word' id='word_1_242' title='bbox 1074 3012 1187 3090; x_wconf 68' lang='lat' dir='ltr'>cunda</span> <span class='ocrx_word' id='word_1_243' title='bbox 1213 3008 1387 3115; x_wconf 73' lang='lat' dir='ltr'>gubernat.</span> 
     </span>
     <span class='ocr_line' id='line_1_28' title="bbox 287 3133 1049 3184; baseline 0 -2"><span class='ocrx_word' id='word_1_244' title='bbox 287 3146 290 3151; x_wconf 97' lang='lat'>·</span> <span class='ocrx_word' id='word_1_245' title='bbox 892 3133 975 3184; x_wconf 89' lang='lat' dir='ltr'>men.</span> <span class='ocrx_word' id='word_1_246' title='bbox 1045 3156 1049 3165; x_wconf 90' lang='lat'><em>-</em></span> 
     </span>
     <span class='ocr_line' id='line_1_29' title="bbox 111 3198 861 3302; baseline -0.016 -17"><span class='ocrx_word' id='word_1_247' title='bbox 111 3210 181 3285; x_wconf 90' lang='lat' dir='ltr'>His</span> <span class='ocrx_word' id='word_1_248' title='bbox 205 3204 354 3302; x_wconf 75' lang='lat' dir='ltr'>subjeiia</span> <span class='ocrx_word' id='word_1_249' title='bbox 369 3198 449 3277; x_wconf 87' lang='lat' dir='ltr'>sunt</span> <span class='ocrx_word' id='word_1_250' title='bbox 473 3201 684 3299; x_wconf 81' lang='lat' dir='ltr'>typographi</span> <span class='ocrx_word' id='word_1_251' title='bbox 706 3199 861 3298; x_wconf 77' lang='lat' dir='ltr'>inhgnia.</span> 
     </span>
    </p>
   </div>
   <div class='ocr_carea' id='block_1_5' title="bbox 114 3412 1726 3680">
    <p class='ocr_par' dir='ltr' id='par_1_6' title="bbox 114 3412 1726 3680">
     <span class='ocr_line' id='line_1_30' title="bbox 114 3412 1726 3544; baseline -0.001 -24"><span class='ocrx_word' id='word_1_252' title='bbox 114 3422 321 3520; x_wconf 77' lang='lat' dir='ltr'><strong>xxxvl.</strong></span> <span class='ocrx_word' id='word_1_253' title='bbox 351 3417 641 3511; x_wconf 81' lang='lat' dir='ltr'>Lombnrde&#39;ee</span> <span class='ocrx_word' id='word_1_254' title='bbox 657 3419 833 3533; x_wconf 73' lang='lat' dir='ltr'>historie</span> <span class='ocrx_word' id='word_1_255' title='bbox 849 3454 926 3541; x_wconf 86' lang='lat' dir='ltr'>qne</span> <span class='ocrx_word' id='word_1_256' title='bbox 955 3422 1186 3544; x_wconf 75' lang='lat' dir='ltr'>apierisqg</span> <span class='ocrx_word' id='word_1_257' title='bbox 1205 3423 1354 3515; x_wconf 81' lang='lat' dir='ltr'>Aurea</span> <span class='ocrx_word' id='word_1_258' title='bbox 1373 3422 1548 3540; x_wconf 75' lang='lat' dir='ltr'>legende</span> <span class='ocrx_word' id='word_1_259' title='bbox 1572 3412 1726 3519; x_wconf 57' lang='lat' dir='ltr'>Scitin*</span> 
     </span>
     <span class='ocr_line' id='line_1_31' title="bbox 225 3534 1414 3680; baseline -0.003 -53"><span class='ocrx_word' id='word_1_260' title='bbox 225 3561 325 3627; x_wconf 84' lang='lat' dir='ltr'>rum</span> <span class='ocrx_word' id='word_1_261' title='bbox 351 3536 610 3651; x_wconf 77' lang='lat' dir='ltr'>appellatur.</span> <span class='ocrx_word' id='word_1_262' title='bbox 665 3545 922 3680; x_wconf 74' lang='lat' dir='ltr'>&#39;Argentinaej</span> <span class='ocrx_word' id='word_1_263' title='bbox 943 3570 1057 3632; x_wconf 86' lang='lat' dir='ltr'>anno</span> <span class='ocrx_word' id='word_1_264' title='bbox 1084 3558 1208 3652; x_wconf 78' lang='lat'>1489.</span> <span class='ocrx_word' id='word_1_265' title='bbox 1240 3539 1285 3626; x_wconf 92' lang='lat' dir='ltr'>in</span> <span class='ocrx_word' id='word_1_266' title='bbox 1312 3534 1351 3625; x_wconf 86' lang='lat' dir='ltr'><strong>F</strong></span> <span class='ocrx_word' id='word_1_267' title='bbox 1355 3540 1414 3624; x_wconf 88' lang='lat' dir='ltr'>ol.</span> 
     </span>
    </p>
   </div>
   <div class='ocr_carea' id='block_1_6' title="bbox 45 3728 1732 4408">
    <p class='ocr_par' dir='ltr' id='par_1_7' title="bbox 45 3728 1732 4408">
     <span class='ocr_line' id='line_1_32' title="bbox 265 3728 1726 3841; baseline 0 -34"><span class='ocrx_word' id='word_1_268' title='bbox 265 3728 320 3807; x_wconf 89' lang='lat' dir='ltr'>De</span> <span class='ocrx_word' id='word_1_269' title='bbox 341 3730 461 3825; x_wconf 87' lang='lat' dir='ltr'>operis</span> <span class='ocrx_word' id='word_1_270' title='bbox 481 3730 640 3817; x_wconf 77' lang='lat' dir='ltr'>austore,</span> <span class='ocrx_word' id='word_1_271' title='bbox 675 3731 713 3809; x_wconf 74' lang='grc' dir='ltr'>δι</span> <span class='ocrx_word' id='word_1_272' title='bbox 735 3737 936 3810; x_wconf 85' lang='lat' dir='ltr'>oeconomia</span> <span class='ocrx_word' id='word_1_273' title='bbox 959 3734 1044 3808; x_wconf 82' lang='lat' dir='ltr'>scitu</span> <span class='ocrx_word' id='word_1_274' title='bbox 1065 3730 1250 3807; x_wconf 81' lang='lat' dir='ltr'>necessaria</span> <span class='ocrx_word' id='word_1_275' title='bbox 1278 3728 1526 3805; x_wconf 66' lang='lat' dir='ltr'>tunnefelt.</span> <span class='ocrx_word' id='word_1_276' title='bbox 1553 3750 1638 3841; x_wconf 83' lang='lat' dir='ltr'>pag.</span> <span class='ocrx_word' id='word_1_277' title='bbox 1660 3754 1726 3827; x_wconf 81' lang='lat'>24.</span> 
     </span>
     <span class='ocr_line' id='line_1_33' title="bbox 110 3825 1732 3937; baseline -0.002 -33"><span class='ocrx_word' id='word_1_278' title='bbox 110 3825 270 3904; x_wconf 78' lang='lat' dir='ltr'>Praesens</span> <span class='ocrx_word' id='word_1_279' title='bbox 293 3827 402 3901; x_wconf 87' lang='lat' dir='ltr'>editio</span> <span class='ocrx_word' id='word_1_280' title='bbox 422 3826 459 3900; x_wconf 91' lang='lat' dir='ltr'>in</span> <span class='ocrx_word' id='word_1_281' title='bbox 480 3830 594 3937; x_wconf 81' lang='lat' dir='ltr'>prima</span> <span class='ocrx_word' id='word_1_282' title='bbox 616 3829 722 3924; x_wconf 89' lang='lat' dir='ltr'>primi</span> <span class='ocrx_word' id='word_1_283' title='bbox 741 3829 817 3904; x_wconf 88' lang='lat' dir='ltr'>folii</span> <span class='ocrx_word' id='word_1_284' title='bbox 837 3832 968 3926; x_wconf 85' lang='lat' dir='ltr'>pagina</span> <span class='ocrx_word' id='word_1_285' title='bbox 993 3829 1177 3901; x_wconf 83' lang='lat' dir='ltr'>recitatum</span> <span class='ocrx_word' id='word_1_286' title='bbox 1199 3850 1295 3900; x_wconf 87' lang='lat' dir='ltr'>arne</span> <span class='ocrx_word' id='word_1_287' title='bbox 1309 3825 1452 3901; x_wconf 88' lang='lat' dir='ltr'>titulum</span> <span class='ocrx_word' id='word_1_288' title='bbox 1469 3827 1617 3921; x_wconf 85' lang='lat' dir='ltr'>gotinco</span> <span class='ocrx_word' id='word_1_289' title='bbox 1636 3826 1732 3901; x_wconf 84' lang='lat' dir='ltr'>cha·</span> 
     </span>
     <span class='ocr_line' id='line_1_34' title="bbox 109 3917 1728 4019; baseline 0 -22"><span class='ocrx_word' id='word_1_290' title='bbox 109 3922 242 3997; x_wconf 76' lang='lat' dir='ltr'>mttere</span> <span class='ocrx_word' id='word_1_291' title='bbox 263 3917 455 4017; x_wconf 77' lang='lat' dir='ltr'>majuscuo</span> <span class='ocrx_word' id='word_1_292' title='bbox 478 3923 680 4019; x_wconf 83' lang='lat' dir='ltr'>rmpreffum</span> <span class='ocrx_word' id='word_1_293' title='bbox 704 3926 857 3999; x_wconf 79' lang='lat' dir='ltr'>exhibet.</span> <span class='ocrx_word' id='word_1_294' title='bbox 934 3919 1033 3994; x_wconf 87' lang='lat' dir='ltr'>Folia</span> <span class='ocrx_word' id='word_1_295' title='bbox 1058 3921 1222 3996; x_wconf 87' lang='lat' dir='ltr'>undecim</span> <span class='ocrx_word' id='word_1_296' title='bbox 1241 3920 1422 4014; x_wconf 87' lang='lat' dir='ltr'>sequentia</span> <span class='ocrx_word' id='word_1_297' title='bbox 1441 3922 1597 3997; x_wconf 82' lang='lat' dir='ltr'>indicem</span> <span class='ocrx_word' id='word_1_298' title='bbox 1619 3922 1728 3997; x_wconf 87' lang='lat' dir='ltr'>exhi·</span> 
     </span>
     <span class='ocr_line' id='line_1_35' title="bbox 109 4013 1728 4126; baseline 0 -37"><span class='ocrx_word' id='word_1_299' title='bbox 109 4020 197 4097; x_wconf 88' lang='lat' dir='ltr'>beot</span> <span class='ocrx_word' id='word_1_300' title='bbox 219 4017 446 4090; x_wconf 84' lang='lat' dir='ltr'>materiarum</span> <span class='ocrx_word' id='word_1_301' title='bbox 472 4017 760 4126; x_wconf 81' lang='lat' dir='ltr'>alphabeticum,</span> <span class='ocrx_word' id='word_1_302' title='bbox 796 4018 853 4090; x_wconf 87' lang='lat' dir='ltr'>cui</span> <span class='ocrx_word' id='word_1_303' title='bbox 883 4013 1074 4123; x_wconf 71' lang='lat' dir='ltr'>prpemiffus</span> <span class='ocrx_word' id='word_1_304' title='bbox 1097 4015 1146 4089; x_wconf 86' lang='lat' dir='ltr'>est</span> <span class='ocrx_word' id='word_1_305' title='bbox 1167 4018 1213 4090; x_wconf 86' lang='lat' dir='ltr'>do</span> <span class='ocrx_word' id='word_1_306' title='bbox 1236 4013 1401 4092; x_wconf 87' lang='lat' dir='ltr'>e&#39;usdern</span> <span class='ocrx_word' id='word_1_307' title='bbox 1428 4016 1489 4092; x_wconf 84' lang='lat' dir='ltr'>usu</span> <span class='ocrx_word' id='word_1_308' title='bbox 1515 4016 1554 4092; x_wconf 76' lang='grc' dir='ltr'>δι</span> <span class='ocrx_word' id='word_1_309' title='bbox 1574 4039 1728 4091; x_wconf 88' lang='lat' dir='ltr'>oecono·</span> 
     </span>
     <span class='ocr_line' id='line_1_36' title="bbox 108 4036 1729 4274; baseline 0.004 -91"><span class='ocrx_word' id='word_1_310' title='bbox 108 4112 184 4189; x_wconf 84' lang='lat' dir='ltr'>mia</span> <span class='ocrx_word' id='word_1_311' title='bbox 203 4108 381 4207; x_wconf 69' lang='lat' dir='ltr'>Prologun</span> <span class='ocrx_word' id='word_1_312' title='bbox 460 4109 579 4189; x_wconf 86' lang='lat' dir='ltr'>Pruna</span> <span class='ocrx_word' id='word_1_313' title='bbox 598 4111 673 4187; x_wconf 86' lang='lat' dir='ltr'>solii</span> <span class='ocrx_word' id='word_1_314' title='bbox 697 4138 753 4205; x_wconf 85' lang='lat'>13.</span> <span class='ocrx_word' id='word_1_315' title='bbox 777 4104 1033 4274; x_wconf 47' lang='lat' dir='ltr'>paginatpfius</span> <span class='ocrx_word' id='word_1_316' title='bbox 1061 4111 1209 4184; x_wconf 79' lang='lat' dir='ltr'>austoris</span> <span class='ocrx_word' id='word_1_317' title='bbox 1240 4036 1435 4206; x_wconf 72' lang='lat' dir='ltr'>thologum</span> <span class='ocrx_word' id='word_1_318' title='bbox 1467 4114 1647 4187; x_wconf 90' lang='lat' dir='ltr'>continet:</span> <span class='ocrx_word' id='word_1_319' title='bbox 1688 4110 1729 4189; x_wconf 85' lang='lat' dir='ltr'>in</span> 
     </span>
     <span class='ocr_line' id='line_1_37' title="bbox 111 4201 1732 4316; baseline 0.001 -34"><span class='ocrx_word' id='word_1_320' title='bbox 111 4204 229 4283; x_wconf 78' lang='lat' dir='ltr'>&#39;aversa</span> <span class='ocrx_word' id='word_1_321' title='bbox 253 4216 376 4291; x_wconf 79' lang='lat' dir='ltr'>autern</span> <span class='ocrx_word' id='word_1_322' title='bbox 402 4204 533 4299; x_wconf 87' lang='lat' dir='ltr'>pagina</span> <span class='ocrx_word' id='word_1_323' title='bbox 549 4204 760 4316; x_wconf 87' lang='lat' dir='ltr'>fingularum</span> <span class='ocrx_word' id='word_1_324' title='bbox 775 4224 814 4276; x_wconf 92' lang='lat' dir='ltr'>or</span> <span class='ocrx_word' id='word_1_325' title='bbox 840 4204 896 4275; x_wconf 87' lang='lat' dir='ltr'>ine</span> <span class='ocrx_word' id='word_1_326' title='bbox 909 4201 1139 4307; x_wconf 76' lang='lat' dir='ltr'>legendarum</span> <span class='ocrx_word' id='word_1_327' title='bbox 1158 4203 1277 4279; x_wconf 81' lang='lat' dir='ltr'>tabula</span> <span class='ocrx_word' id='word_1_328' title='bbox 1290 4206 1430 4300; x_wconf 89' lang='lat' dir='ltr'>incipit,</span> <span class='ocrx_word' id='word_1_329' title='bbox 1453 4228 1536 4304; x_wconf 85' lang='lat' dir='ltr'>quae</span> <span class='ocrx_word' id='word_1_330' title='bbox 1550 4206 1732 4285; x_wconf 82' lang='lat' dir='ltr'>termina·</span> 
     </span>
     <span class='ocr_line' id='line_1_38' title="bbox 45 4293 1729 4408; baseline 0.001 -35"><span class='ocrx_word' id='word_1_331' title='bbox 45 4314 49 4321; x_wconf 83' lang='lat'>&#39;</span> <span class='ocrx_word' id='word_1_332' title='bbox 107 4317 167 4381; x_wconf 89' lang='lat' dir='ltr'>tur</span> <span class='ocrx_word' id='word_1_333' title='bbox 193 4301 230 4373; x_wconf 94' lang='lat' dir='ltr'>in</span> <span class='ocrx_word' id='word_1_334' title='bbox 253 4298 371 4372; x_wconf 81' lang='lat' dir='ltr'>aversa</span> <span class='ocrx_word' id='word_1_335' title='bbox 397 4299 526 4393; x_wconf 83' lang='lat' dir='ltr'>pagina</span> <span class='ocrx_word' id='word_1_336' title='bbox 547 4302 619 4375; x_wconf 80' lang='lat' dir='ltr'>folii</span> <span class='ocrx_word' id='word_1_337' title='bbox 643 4298 835 4392; x_wconf 79' lang='lat' dir='ltr'>sequentis.</span> <span class='ocrx_word' id='word_1_338' title='bbox 900 4293 1001 4366; x_wconf 87' lang='lat' dir='ltr'>Foho</span> <span class='ocrx_word' id='word_1_339' title='bbox 1029 4299 1175 4373; x_wconf 84' lang='lat' dir='ltr'>tandem</span> <span class='ocrx_word' id='word_1_340' title='bbox 1204 4298 1349 4408; x_wconf 80' lang='lat' dir='ltr'>decimo</span> <span class='ocrx_word' id='word_1_341' title='bbox 1371 4303 1497 4394; x_wconf 92' lang='lat' dir='ltr'>quinto</span> <span class='ocrx_word' id='word_1_342' title='bbox 1521 4301 1649 4397; x_wconf 79' lang='lat' dir='ltr'>Incipit</span> <span class='ocrx_word' id='word_1_343' title='bbox 1676 4304 1729 4377; x_wconf 84' lang='lat' dir='ltr'>ie·</span> 
     </span>
    </p>
   </div>
   <div class='ocr_carea' id='block_1_7' title="bbox 108 4386 1732 4577">
    <p class='ocr_par' dir='ltr' id='par_1_8' title="bbox 108 4386 1732 4577">
     <span class='ocr_line' id='line_1_39' title="bbox 108 4386 1732 4512; baseline 0.001 -39"><span class='ocrx_word' id='word_1_344' title='bbox 108 4396 220 4499; x_wconf 81' lang='lat' dir='ltr'>gendo</span> <span class='ocrx_word' id='word_1_345' title='bbox 238 4391 339 4493; x_wconf 70' lang='lat' dir='ltr'>seton</span> <span class='ocrx_word' id='word_1_346' title='bbox 361 4391 428 4471; x_wconf 76' lang='lat' dir='ltr'>&amp;c</span> <span class='ocrx_word' id='word_1_347' title='bbox 454 4396 600 4487; x_wconf 87' lang='lat' dir='ltr'>gothico</span> <span class='ocrx_word' id='word_1_348' title='bbox 622 4390 825 4471; x_wconf 75' lang='lat' dir='ltr'>charaitere</span> <span class='ocrx_word' id='word_1_349' title='bbox 848 4386 886 4462; x_wconf 90' lang='lat' dir='ltr'>in</span> <span class='ocrx_word' id='word_1_350' title='bbox 907 4386 1043 4465; x_wconf 83' lang='lat' dir='ltr'>duabus</span> <span class='ocrx_word' id='word_1_351' title='bbox 1067 4392 1241 4475; x_wconf 75' lang='lat' dir='ltr'>columnis</span> <span class='ocrx_word' id='word_1_352' title='bbox 1259 4391 1459 4512; x_wconf 64' lang='lat' dir='ltr'>&amp;metim</span> <span class='ocrx_word' id='word_1_353' title='bbox 1474 4398 1641 4509; x_wconf 67' lang='lat' dir='ltr'>quiden,</span> <span class='ocrx_word' id='word_1_354' title='bbox 1667 4398 1732 4474; x_wconf 86' lang='lat' dir='ltr'>sed</span> 
     </span>
     <span class='ocr_line' id='line_1_40' title="bbox 1554 4516 1681 4577; baseline -0.016 0"><span class='ocrx_word' id='word_1_355' title='bbox 1554 4516 1681 4577; x_wconf 76' lang='lat' dir='ltr'>munus</span> 
     </span>
    </p>
   </div>
   <div class='ocr_carea' id='block_1_8' title="bbox 0 0 1843 4964">
    <p class='ocr_par' dir='ltr' id='par_1_9' title="bbox 0 0 1843 4964">
     <span class='ocr_line' id='line_1_41' title="bbox 0 0 1843 4964; baseline 0 0"><span class='ocrx_word' id='word_1_356' title='bbox 0 0 1843 4964; x_wconf 95' lang='lat' dir='ltr'> </span> 
     </span>
    </p>
   </div>
  </div>
 </body>
</html>
