3644 4964
741 156 1062 286 ἐξ
1653 170 1706 261 61

74 372 226 457 enitatis
245 314 456 449 oetoooooo
520 366 531 393 ⁹
585 366 676 447 dotis
695 364 822 443 aaron
836 370 978 462 florenis
1002 392 1064 461 pro
1079 365 1166 466 fisco
1190 365 1244 443 die
1267 366 1383 464 qroioto
1399 326 1577 443 dicrmbris
1590 366 1705 466 meafir

77 474 295 575 principiam
316 393 568 662 infirm
580 468 778 735 infimum
799 465 928 561 orrfiom
956 464 1073 539 deinde
1085 467 1197 634 praefi
1209 464 1315 562 finito
1337 465 1372 537 io
1398 461 1498 538 adom
1518 464 1565 537 od
1591 461 1705 538 dimo·

624 672 678 735 ius

84 569 220 656 theom}
245 578 285 641 or
307 568 344 641 ia
379 562 538 641 emodoar
557 588 619 639 carr
633 590 688 637 om
696 558 766 659 sui
785 586 881 674 mgro
938 560 1066 637 ohanne
1109 588 1127 635 e
1147 560 1269 657 odorff
1279 585 1372 657 qoem
1392 562 1427 634 io
1442 572 1574 659 patrem
1594 558 1703 658 elegit,
1729 578 1740 593 ·“

74 667 185 764 ficit.
232 660 304 741 Sed
323 662 404 759 q'nio
424 672 504 736 torro
519 662 626 736 occoi
692 682 759 734 nor
770 658 863 752 sort.
904 684 1063 734 ermonem
1086 685 1124 732 ae
1137 655 1184 731 od
1197 657 1319 731 cirrum
1332 680 1397 731 noo
1414 656 1514 748 fecit,
1537 658 1614 731 item
1647 659 1706 732 oio

80 760 252 862 cursorem
272 783 332 835 aec
350 754 404 833 soie
422 782 481 832 aec
494 758 618 857 μανψ
638 754 790 841 oodioit,
825 753 875 828 od
887 754 979 855 fiosci
1007 756 1014 773 '
1076 780 1129 829 om
1198 756 1345 828 ootocios
1370 751 1519 828 ordinem
1544 680 1704 828 arroditu-

85 872 145 937 ιω
161 857 210 932 od
223 852 478 952 sociandumque
497 856 679 952 sermonem
702 850 751 926 od
775 848 897 925 cirrum
919 854 989 949 ipo
1014 850 1068 926 die
1088 848 1145 925 iot
1166 853 1254 925 crine
1281 875 1373 947 quem
1394 846 1436 927 &
1448 850 1544 943 fecit.
1621 848 1706 926 Item

86 954 142 1032 nd
165 948 365 1030 ordiendum
387 949 453 1025 diii
476 964 565 1025 mter
587 974 696 1047 mgrm
713 946 876 1042 flderkirs
893 949 929 1021 iir
955 948 1052 1046 corso
1071 947 1132 1045 sno
1153 972 1246 1042 qoem
1261 947 1451 1043 taresagi,
1466 944 1622 1040 focrostos
1633 971 1705 1020 eom

87 1050 203 1127 oosoit
224 1046 380 1146 obligari.
468 1046 522 1121 iia
545 1046 673 1121 eadem
692 1044 741 1120 ad
766 1068 901 1121 manum
933 1068 1043 1143 1477,
1065 1045 1232 1217 pphanne
1253 1044 1299 1118 de
1320 1041 1454 1117 Adorsi
1474 1054 1600 1140 quarta
1629 1040 1704 1137 jam

88 1149 174 1225 vice
193 1145 417 1222 neconatum
437 1156 604 1239 gerente,
633 1164 700 1217 nos
722 1141 871 1227 docent,
894 1143 1050 1217 eundem
1102 1140 1257 1218 icolaum
1270 1139 1317 1213 de
1329 1138 1607 1216 Gunzenhausen
1622 1162 1705 1214 cnm

86 1240 262 1353 consenin
296 1238 492 1351 Facultatis
519 1238 758 1351 Theologicae·
775 1260 868 1311 anno
891 1238 1019 1313 eodem
1041 1237 1208 1313 leitiones
1228 1236 1306 1311 suas
1328 1237 1366 1310 in
1386 1235 1496 1347 sisaros
1514 1234 1706 1348 sententia·

89 1328 907 1543 “niedidi‘psiiiii‘isdiifflis
931 1328 1707 1540 eistat·insititiam&

91 1613 734 1697 n
1320 1616 1709 1694 ..ι

370 1671 380 1692 .
1149 1642 1203 1692 ee
1299 1642 1320 1692 e
1356 1672 1365 1701 ,
1391 1642 1416 1693 ιι
1456 1642 1492 1694 ιιι

94 1712 273 1795 Academ.
294 1710 578 1809 ingolstadiensis
598 1712 646 1788 ad
669 1712 705 1787 h.
719 1738 752 1789 a.
779 1712 919 1809 legitur.
974 1712 1072 1788 Nihil
1090 1715 1136 1789 de
1158 1738 1201 1789 eo
1221 1712 1295 1810 post
1312 1714 1409 1788 hunc
1430 1735 1563 1788 annum
1585 1736 1712 1791 occur·

92 1814 147 1895 rit
163 1813 201 1889 in
213 1808 301 1888 offis
315 1810 563 1905 Theoiogicae,
590 1808 909 1906 pldsosophicaeque
931 1808 1141 1886 sanitatum
1157 1809 1215 1885 seu
1235 1811 1358 1896 editis,
1383 1809 1442 1886 seu
1459 1808 1711 1923 manuscriptis.

94 1930 182 2011 qnae
204 1906 392 2002 diligenter
410 1906 544 1990 evolvi,
586 1905 770 2001 usquead
796 1928 928 1982 armum
951 1932 965 1980 1
997 1928 1060 2000 95,
1090 1930 1161 2003 quo
1182 1906 1325 2002 quidem
1343 1930 1427 1981 eum
1449 1908 1713 2002 cumpluribus

96 2006 179 2085 asiis
201 2001 399 2113 academiae
418 2001 543 2079 nostrae
559 2003 787 2111 Doitoripua‚
810 2001 849 2078 dc
867 1931 1044 2097 magidris
1067 2003 1161 2100 peste
1182 2002 1381 2098 ingolstadii
1400 2000 1573 2097 grassante
1594 2002 1714 2081 obiisie

98 2126 149 2179 ex
168 2101 254 2179 aeas
283 2096 536 2196 Pinsosophicae
556 2098 733 2177 facultatis
753 2122 820 2174 nos
841 2101 948 2175 docet
968 2100 1022 2173 Cs.
1045 2102 1213 2175 Mederer
1236 2103 1274 2173 in
1296 2096 1493 2175 Annalibus
1518 2097 1632 2179 acan
1656 2100 1713 2175 ln·

96 2198 202 2294 gosst.
222 2196 263 2273 P.
280 2194 306 2270 s.
331 2216 411 2293 pag.
433 2218 492 2291 45.
556 2194 656 2270 Idem
680 2218 782 2279 eum,
806 2194 936 2269 iisdem
960 2218 1006 2270 ex
1030 2197 1117 2272 aiiis
1139 2196 1301 2277 edoiius.
1329 2208 1408 2270 turn
1430 2196 1577 2292 quidem
1595 2196 1714 2271 Theo·

96 2296 212 2393 iogiae
231 2290 441 2377 notiorem,
466 2290 817 2368 &concionatorem
841 2292 1134 2367 Ratisbonensem
1156 2292 1252 2367 fuine
1271 2290 1530 2369 anirnadvertit
1579 2294 1715 2371 Verum

100 2415 201 2469 armo
225 2386 519 2485 1491..Nicolans
540 2387 656 2464 noster
680 2388 950 2481 Bambergenirs
982 2388 1145 2464 Ecclesiae
1171 2388 1392 2465 Praedicator
1417 2388 1496 2464 finit
1573 2388 1615 2463 Id
1641 2396 1715 2464 'nor

100 2488 214 2565 docet
235 2485 407 2584 johannis
430 2483 669 2591 Beckenhaub
692 2482 848 2577 Epistola
870 2485 1090 2560 dedicatoria
1110 2486 1450 2560 commentariorum
1471 2485 1510 2561 S.
1527 2484 1717 2561 Bonaven·
1807 2552 1814 2569 ,

103 2600 202 2663 tnrae
221 2584 259 2656 in
283 2595 434 2675 quatuor
453 2580 562 2655 libros
584 2581 835 2657 sententiarum
855 2582 926 2654 hoc
949 2603 1042 2655 anno
1065 2580 1313 2675 Norimbergae
1335 2580 1373 2655 in
1385 2583 1625 2679 typographia
1642 2580 1719 2655 An·

104 2681 198 2757 tonii
217 2678 344 2752 Kobur
370 2698 409 2751 er
426 2678 622 2762 editorum,
648 2678 811 2773 inscripta
834 2674 1050 2772 Eooagrsicoe
1078 2674 1264 2775 Tsreoiogio
1275 2676 1405 2773 sommo
1436 2677 1575 2752 Doiiori
1596 2677 1717 2751 Domi·

104 2800 156 2854 rto
176 2771 321 2851 diitosoo
370 2772 485 2879 radiari
497 2771 539 2846 de
556 2770 819 2870 Goozmitouseo
840 2772 1028 2868 imperiosis
1050 2770 1149 2847 Eccie
1163 2796 1203 2847 ro
1224 2769 1472 2875 Bombergeosts
1485 2771 1717 2858 Prodicarori,

104 2884 154 2951 ut
171 2870 295 2982 videre
314 2867 366 2944 est
387 2870 483 2981 apud
509 2869 727 3041 Weislinpar
753 2871 791 2945 in
814 2866 1102 2946 Armamentario
1162 2871 1272 2945 athos.
1293 2893 1375 2968 pag.
1408 2880 1488 2968 504
1555 2870 1720 2969 Epistolae

105 2969 195 3051 huic
216 2966 440 3043 dedicatoria
464 2965 620 3044 subnexa
642 2993 663 3042 e
714 2966 853 3043 Nicosai
875 2966 1049 3042 Tinitoris
1078 2968 1287 3065 responsoria
1309 2966 1524 3064 Bambergae
1551 2968 1636 3044 data
1656 2991 1721 3042 an·

15 3168 18 3173 Ι
107 3090 162 3145 no
183 3088 284 3161 ¹491·
306 3062 367 3139 die'
388 3086 419 3137 ι.
435 3063 566 3139 Martii.
617 3066 821 3153 Quoanno,
845 3064 925 3151 ubi,
944 3084 1016 3165 quo
1039 3078 1279 3165 promovente
1297 3062 1489 3151 doiioralia
1508 3064 1653 3165 insignia
1666 3085 1722 3139 re·

105 3163 265 3261 ceperit,
290 3159 445 3257 reperire
463 3158 633 3238 haetenus
654 3183 729 3235 non
743 3160 855 3259 potui.

111 3414 272 3513 XXXI.
307 3414 646 3549 Libri-quinque
670 3350 870 3508 'Cononis
895 3417 1139 3510 Aricennae
1171 3448 1270 3510 cnm
1295 3420 1447 3509 libello
1475 3420 1530 3511 de
1558 3418 1724 3509 viribus

231 3534 381 3735 pprdip
407 3536 605 3733 {operient
632 3532 822 3623 antiocia
855 3532 1060 3630 Veneriis
1091 3561 1171 3652 per
1198 3534 1372 3625 Petrum
1398 3531 1576 3627 Manser
1597 3534 1641 3620 ὅτ
1664 3529 1729 3617 so·

261 3672 346 3737 ros.
385 3675 413 3756 4
472 3674 555 3737 ,ιιι
588 3678 630 3757 a.

211 3910 252 3950 .·.
280 3836 380 3915 Libri
402 3838 554 4011 qniopue
574 3840 722 3917 canonis
747 3862 831 3917 cnm
853 3839 943 3919 alter
962 3843 1007 3921 ab
1036 3840 1166 3929 altero,
1196 3849 1275 3917 tum
1298 3837 1398 3919 fimus
1420 3862 1547 3917 omnes
1571 3864 1593 3917 a
1612 3836 1732 3915 libello

115 3940 170 4017 de
190 3936 322 4012 nribus
343 3938 463 4009 cordis
498 3940 656 4036 eparari,
684 3938 722 4014 δι
736 3936 877 4014 seorsnn
898 3939 1021 4016 haberi
1039 3938 1188 4037 possunt.
1236 3939 1382 4016 Habent
1399 3939 1521 4034 singoli
1566 3938 1736 4012 ecusiares

116 4032 405 4145 subscriptionem
432 4056 466 4109 e.
482 4056 518 4131 g.
543 4032 772 4137 Expietorefl
794 4031 878 4111 siber
893 4035 992 4135 pmos
1011 4036 1146 4111 cononis
1170 4040 1230 4133 qni
1257 4030 1356 4134 pceps
1377 4032 1487 4111 Abali
1500 3962 1681 4133 Adiosceoi
1694 4029 1736 4105 de

121 4128 288 4205 modiano
310 4126 426 4204 edidit.
503 4130 746 4230 {ascriptiones
772 4130 822 4207 sin
870 4132 987 4209 lorum
1007 4138 1185 4230 (excepto
1213 4132 1331 4211 libello
1360 4135 1405 4208 de
1429 4131 1563 4211 viribus
1590 4130 1738 4223 cordis)

126 4226 210 4303 funt
228 4226 332 4301 mbro
356 4226 474 4302 oosore
496 4227 683 4327 impressae.
748 4229 789 4304 in
836 4252 882 4305 ne
902 4230 980 4306 libri
998 4231 1108 4346 quinti
1135 4230 1215 4305 haec
1237 4233 1412 4307 habentur
1432 4226 1610 4327 impressa:
1637 4222 1715 4301 lide

125 4345 150 4393 a
173 4322 311 4398 semente
328 4318 410 4398 iibri
430 4324 540 4419 quinti
551 4350 588 4433 p
606 4323 688 4401 dicit
711 4323 920 4401 antidotario
942 4322 1019 4403 sibrr
1045 4330 1130 4400 toti’
1146 4328 1280 4400 canonis
1291 4324 1380 4424 senis
1403 4328 1492 4423 regis
1507 4323 1619 4400 abonii
1631 4322 1674 4396 io
1701 4344 1741 4393 err

99 4502 105 4515 ,
123 4346 203 4520 diii
221 4416 294 4499 inii
310 4414 478 4522 oiirffreai
494 4424 589 4500 roias
609 4422 790 4526 optemato
810 4435 899 4501 toao
922 4425 977 4526 ifle
997 4421 1081 4503 siber
1092 4421 1215 4525 sinim
1235 4425 1276 4523 ess
1285 4420 1387 4523 firmo
1408 4447 1449 4499 oc
1467 4419 1621 4592 ditigtttp
1639 4441 1744 4491 enun-

212 4550 218 4561 ·
1612 4527 1698 4591 otas.
