3644 4964
609 114 1100 243 effla
1496 222 1502 237 .
1721 153 1756 262 n

95 335 200 416 dina
227 368 279 391 ···
302 326 470 428 completo
495 315 610 442 Anno·
622 324 732 429 fialat.
759 325 815 403 M.
831 354 914 405 cccc.
932 328 1079 410 Mxxxi.
1104 320 1199 403 nonis
1215 283 1327 434 Jnttj.
1357 324 1515 410 Uener.
1536 371 1585 393 -
1634 326 1757 414 Sermo

91 437 236 514 tertiat
260 428 302 505 de
330 425 483 506 membris
505 437 626 526 capitas
648 469 699 483 -
721 423 880 524 Explicit
899 468 948 524 ε-
974 470 1018 482 -
1039 425 1145 502 Anno
1168 427 1294 521 domini
1315 431 1566 508 Mcccclxxxx.
1592 432 1753 535 diexx4.

90 525 192 633 (fic
219 546 287 630 pro
304 553 351 625 24
398 521 526 625 Menfic
542 522 729 629 decembris.
759 566 806 578 -
868 524 986 603 Sereno
1007 538 1148 622 qnannc
1176 525 1218 601 de
1247 527 1400 615 mandris
1427 530 1666 628 spiritualibus
1701 573 1751 594 -

93 632 263 733 explicit
283 667 321 685 -
388 622 1147 721 cccclxxxxi.Nonisaagainenetiic.1-
1209 624 1326 704 Sermo
1357 630 1491 726 quintas
1522 629 1564 705 de
1592 629 1752 708 membris.
1791 702 1798 724 ,

92 723 334 810 naturalibos
353 763 401 783 ·-
425 720 550 800 finitus
572 719 626 799 est
647 721 753 818 Anno
767 721 827 797 dni
893 721 1135 821 ,ccccnxxxp
1152 721 1206 798 die
1219 747 1297 802 nero
1315 742 1369 813 18.
1387 722 1483 832 ffieni
1491 733 1508 804 ⁸.
1534 770 1583 787 -
1603 806 1608 819 ,
1632 728 1754 808 Sermo

84 830 235 932 fixtm
259 825 301 901 de
326 817 481 900 menbris
500 822 725 920 generationis
744 859 790 878 ο·
814 814 872 903 M.
888 848 970 898 cccc.
987 819 1134 919 lxxxxi.
1160 823 1273 901 Nonis
1286 824 1434 923 Augusti
1465 756 1636 923 Maeotis.
1659 831 1752 906 ,De-

96 950 223 1007 mum
245 920 361 1002 Sermo
377 920 539 1021 septimas
561 919 603 993 de
636 918 789 1018 cirurgio
810 933 841 995 ct
864 919 904 996 de
931 920 1141 996 decoratione
1169 963 1216 979 ·-·
1246 918 1409 1023 Explicit
1436 965 1486 987 -ι-
1513 927 1656 1015 nltimnr
1675 928 1751 1026 ser·

95 1050 254 1104 monam
271 1022 402 1098 nouiter
424 1021 529 1117 impre
556 1042 649 1093 ornm
678 1018 827 1096 Uenetiir
857 1063 902 1074 -
923 1044 1006 1095 carn
1030 1031 1062 1094 et
1082 1021 1233 1122 impcnfir
1256 1020 1467 1099 Bernardini
1483 1024 1524 1099 de
1551 1023 1692 1123 Tridino
1714 1069 1754 1086 -

104 1123 373 1223 Complctoranr
390 1116 497 1195 Anno
529 1117 685 1213 olntifere
704 1119 946 1193 incarnationis
960 1119 1031 1194 deii.
1055 1142 1087 1195 t.
1100 1145 1133 1216 4.
1146 1145 1179 1213 q.
1194 1147 1224 1196 1.
1245 1120 1416 1221 Menfisq3
1431 1120 1486 1197 die
1508 1128 1552 1209 εἳ
1584 1122 1752 1204 Odolrir.

100 1225 320 1303 Sermones
337 1216 507 1303 tertium,
535 1214 573 1293 &
592 1229 761 1314 quartum
781 1215 890 1313 hujus
906 1216 1078 1302 editionis
1099 1215 1206 1293 Dinis
1221 1219 1259 1296 in
1281 1219 1543 1318 Supplemento
1565 1234 1647 1319 pag.
1666 1247 1751 1316 293.

101 1323 163 1404 ad
187 1341 325 1398 annum
347 1341 450 1415 1490.
473 1314 612 1392 retulit.
662 1313 717 1392 At
734 1313 849 1392 sermo
875 1330 1028 1412 quartos
1053 1341 1151 1394 anno
1174 1314 1323 1395 demum
1348 1338 1454 1415 1491.
1480 1320 1628 1418 prodiit.
1681 1323 1751 1403 Vix

101 1423 188 1503 erit
212 1415 446 1497 Bibliotheca
471 1414 744 1511 ingeniando,
773 1436 855 1513 quae
881 1419 1065 1491 sermones
1087 1415 1172 1492 istos
1196 1439 1324 1492 omnes
1352 1417 1614 1515 complettitnr.

283 1537 342 1593 ta.
370 1513 534 1591 Cononis
560 1508 763 1590 Anicennae
787 1513 887 1589 Libri
905 1513 947 1589 ll.
976 1514 1036 1589 ΙΙΙ.
1060 1507 1123 1590 IV.
1149 1513 1187 1591 dt
1207 1516 1251 1595 V.
1273 1516 1440 1594 Venetiis
1458 1540 1522 1615 per
1539 1518 1750 1633 Dionyfium

105 1608 351 1697 Bertochum
376 1635 481 1707 capo.
505 1608 583 1687 Fol.
611 1635 734 1708 magn.
786 1612 891 1687 Cons.
918 1610 1017 1688 Fasc.
1039 1614 1099 1698 ΙΙΙ.
1127 1634 1208 1712 pag.
1244 1636 1323 1713 170.
1353 1615 1402 1691 ad
1433 1637 1516 1693 ann.
1547 1635 1656 1714 1489.
1679 1641 1753 1717 quo

105 1716 263 1816 primus
286 1711 381 1791 iiber
402 1709 603 1787 abeodem
691 1709 854 1810 ographo
876 1709 1062 1808 impressus
1088 1734 1175 1789 cum
1200 1712 1258 1788 his
1283 1712 1499 1791 recensetur.

248 1904 259 1918 .
286 1830 344 1905 13.
370 1807 602 1982 Exppeionts
664 1810 775 1887 entilir
799 1806 996 1908 Fulginatir
1005 1810 1108 1911 snper
1121 1813 1269 1911 pritnam
1279 1812 1343 1908 sen
1365 1814 1480 1909 quarti
1501 1815 1638 1890 canonic
1657 1813 1751 1893 Ani·

110 1906 493 2086 t'.””l.³.l.‘'s“l..‘
509 1901 1091 2111 dtlt“'.tltl5t‘“dtlttl‘·
1122 1909 1278 2088 Mt.
1301 1904 1750 2109 dissimilii?

111 2109 180 2188 tot.
205 2127 267 2202 72.
325 2104 388 2181 Est
411 2104 449 2182 in
473 2103 550 2180 Fol.
575 2129 699 2202 magn.
730 2129 813 2182 cum
833 2108 950 2183 solior.
974 2132 1074 2184 num.
1100 2112 1264 2204 paginar.
1287 2108 1444 2205 inscript.
1467 2110 1504 2187 te
1524 2110 1649 2206 fignat.
1676 2038 1752 2190 finge

117 2206 261 2286 custod.
312 2202 418 2280 Cons.
446 2200 557 2279 Deris
582 2205 771 2302 Supplom.
793 2228 876 2307 ppg.
909 2212 988 2293 186.
1020 2209 1081 2283 ubi
1105 2209 1369 2284 commentaria
1392 2209 1551 2285 Gentilis
1576 2207 1679 2305 Fulg.
1710 2211 1750 2288 in

110 2312 245 2384 'totum
268 2324 449 2478 cannpppn
470 2315 640 2401 quartum
662 2318 924 2383 memorantur.
998 2304 1075 2382 Sed
1102 2307 1198 2382 cons.
1225 2308 1379 2384 dicenda
1410 2329 1517 2384 ame
1543 2309 1591 2385 ad
1612 2333 1749 2386 annum

120 2401 818 2679 diffininitione}
832 2499 873 2578 Ψ
887 2497 1752 2702 ‘trllnctnsnffls

122 2697 288 2799 dioloni)
305 2721 368 2797 ptr
386 2699 576 2870 moglplrnm
599 2625 960 2796 Leonaldnmglplocleel
977 2697 1030 2772 die
1049 2703 1122 2796 xoj.
1145 2657 1271 2796 Mensis
1284 2626 1434 2796 depotatio.
1462 2699 1568 2774 Anno
1593 2702 1647 2775 M.
1665 2630 1751 2780 occec:

126 2796 260 2879 lxxxx.
340 2791 402 2871 Ao
426 2819 566 2873 ccccm
588 2796 672 2875 Vol.
699 2799 762 2876 11.:
789 2795 944 2874 Secunda
957 2821 1042 2895 pars
1058 2797 1241 2896 etfinic.ff.
1264 2800 1382 2874 neterir
1397 2824 1464 2874 nna
1479 2805 1520 2873 cci
1543 2801 1749 2876 aditionibus

151 2895 228 2998 stc)
250 2893 432 2971 alexandri
451 2892 492 2969 de
514 2894 625 2971 Imola
648 2894 810 2997 Impreffie
823 2895 1014 2972 Mediolani
1037 2908 1067 2972 et
1082 2895 1188 2996 finita
1207 2909 1328 2995 quarto
1345 2922 1451 2973 nonas
1470 2893 1670 3003 Jannarias
1688 2925 1751 2997 per

174 2994 338 3071 onardanr
349 2991 471 3094 paclrel
491 2997 690 3071 tentonicam
698 2995 857 3092 feliciter.
874 3020 962 3071 anno
979 2995 1040 3070 diei
1055 2996 1130 3071 mile
1143 3020 1208 3070 reno
1223 2994 1308 3096 (stc)
1323 2996 1647 3098 quadringentiffinco
1663 2997 1750 3099 (sic)

123 3093 357 3268 aonogppmo.
397 3093 559 3171 Charatt.
584 3095 688 3190 goth.
713 3095 795 3171 coll.
814 3119 847 3170 a.
867 3120 950 3172 cum
973 3094 1098 3192 ssgnat.
1125 3096 1281 3192 inscript.
1305 3117 1411 3194 pagg.
1429 3097 1467 3176 δι
1489 3097 1613 3175 initias.
1639 3099 1748 3175 litter.

123 3214 225 3292 parv.
257 3215 316 3267 rne
339 3190 481 3268 custod.¹
498 3191 536 3270 dt
556 3192 635 3268 soll.
655 3217 800 3270 numer.
850 3195 1022 3271 Meminit
1044 3194 1151 3270 lienis
1168 3196 1205 3272 in
1223 3197 1410 3294 Supplem.
1430 3218 1512 3293 pag.
1538 3213 1617 3283 281.
1639 3197 1750 3295 hujus

124 3290 311 3377 editionis,
338 3291 391 3364 uti
405 3292 517 3367 ctiam
528 3291 698 3368 -Leiturae
712 3292 853 3368 Bartoli
870 3294 908 3367 in
925 3294 1007 3387 Dig.
1024 3292 1145 3368 Insort.
1164 3319 1232 3370 nec
1251 3320 1324 3370 non
1340 3295 1422 3370 ins.
1439 3295 1478 3372 da
1493 3296 1537 3371 ΙΙ.
1558 3311 1648 3392 part.
1666 3299 1749 3373 cod.

222 3385 1108 3586 .⁵⁶l.“l‘'sd
1298 3390 1468 3565 Mel
1491 3392 1751 3566 tonsol*

123 3586 205 3664 lieni
224 3623 271 3640 -
298 3582 359 3662 sex
381 3543 490 3663 soliis.
514 3513 810 3688 comprefleinli).
870 3584 932 3663 Ad
957 3544 1101 3662 calcem·
1120 3513 1230 3684 irini
1250 3515 1452 3759 Moslznssne
1468 3518 1510 3662 in
1524 3517 1750 3685 pliniana:

122 3688 211 3762 enine
230 3683 439 3760 continenter
461 3682 598 3760 Galleni
621 3712 723 3785 opero
739 3685 889 3781 feliciter
907 3685 1111 3782 expliciuntt
1140 3686 1275 3759 venetiis
1292 3712 1355 3782 per
1406 3685 1573 3783 lcilippnen,
1595 3685 1748 3762 Pintinrn

125 3783 166 3862 de
191 3779 317 3858 Coneto
336 3779 500 3882 impreſjo.
532 3783 680 3877 Anno.
704 3784 760 3860 M.
784 3783 990 3860 cccclxxxx.
1026 3783 1082 3857 die
1113 3808 1190 3858 aero
1220 3786 1333 3882 xxvij.
1369 3788 1508 3881 angnfli.
1559 3784 1750 3886 Augustino

123 3877 306 3957 barbadico
328 3877 533 3983 Serenifflmo
551 3897 690 3983 veneto4
709 3885 872 3984 principe.
923 3883 963 3958 ln
984 3882 1102 3958 {tonte
1128 3881 1323 3959 voluminis
1351 3882 1516 3958 secundi:
1547 3881 1683 3959 Golicni
1699 3929 1747 3942 -

120 3976 205 4056 liber
232 3977 274 4053 de
307 3976 492 4056 Elementir
507 3980 675 4076 ficellciter
691 3983 828 4080 incipit:
871 3980 919 4057 ad
942 3981 1080 4058 calcem
1104 3980 1177 4065 nil,
1203 3980 1287 4058 nifi:
1329 3981 1483 4079 Explicit
1502 3979 1587 4058 liber
1611 3982 1749 4060 Golieni

92 4077 170 4180 ¹od
192 4078 401 4177 glauconem.
449 4075 606 4157 Accedit
634 4104 723 4160 voro
756 4079 886 4157 stbnlo
912 4077 1073 4155 librorum
1100 4075 1237 4154 Galloni
1262 4082 1320 4177 qni
1350 4083 1385 4153 in
1403 4078 1550 4176 secando
1583 4085 1746 4158 volumine

123 4180 344 4256 continentur.
394 4175 560 4256 Charati.
581 4182 684 4277 goth.
708 4202 791 4257 cum
808 4203 915 4278 pagg.
933 4178 1089 4276 inscript.
1103 4179 1233 4256 initial.
1255 4179 1385 4255 litteris
1400 4179 1542 4274 parvis,
1570 4181 1607 4258 ὅ(
1622 4182 1746 4277 fignat,

111 4273 194 4371 ¹stne
217 4273 352 4352 custod.
379 4273 417 4352 &
442 4275 516 4351 soll.
542 4302 641 4356 num.
666 4279 703 4355 in
724 4278 784 4354 sol.
834 4278 957 4356 Editio
976 4301 1051 4354 non
1069 4278 1268 4372 admodum
1287 4278 1498 4374 infrequens
1519 4277 1635 4356 studio
1656 4282 1747 4356 Dio·

122 4372 243 4451 medis
270 4373 456 4460 Bonardi,
480 4371 624 4473 Physici
643 4375 843 4457 Brixienfis
865 4376 1056 4457 adornata.
1482 4422 1488 4429 -

174 4564 346 4656 Serenillcr
370 4568 467 4680 Fasc.
487 4566 562 4650 IV.
926 4571 973 4659 ’Β
1488 4575 1546 4648 rt.
1573 4564 1700 4668 lncipit
