<?xml version="1.0" encoding="UTF-8"?>
<!DOCTYPE html PUBLIC "-//W3C//DTD XHTML 1.0 Transitional//EN"
    "http://www.w3.org/TR/xhtml1/DTD/xhtml1-transitional.dtd">
<html xmlns="http://www.w3.org/1999/xhtml" xml:lang="en" lang="en">
 <head>
  <title>
</title>
<meta http-equiv="Content-Type" content="text/html;charset=utf-8" />
  <meta name='ocr-system' content='tesseract 3.04.00' />
  <meta name='ocr-capabilities' content='ocr_page ocr_carea ocr_par ocr_line ocrx_word'/>
</head>
<body>
  <div class='ocr_page' id='page_1' title='image "./bibliothecacade00seemgoog_0101.png"; bbox 0 0 3644 4964; ppageno 0'>
   <div class='ocr_carea' id='block_1_1' title="bbox 67 134 1804 2638">
    <p class='ocr_par' dir='ltr' id='par_1_1' title="bbox 67 134 1804 2638">
     <span class='ocr_line' id='line_1_1' title="bbox 67 134 1502 294; baseline 0.001 -35"><span class='ocrx_word' id='word_1_1' title='bbox 67 190 70 195; x_wconf 91' lang='lat'>·</span> <span class='ocrx_word' id='word_1_2' title='bbox 105 170 167 259; x_wconf 72' lang='lat' dir='ltr'><strong>t:</strong></span> <span class='ocrx_word' id='word_1_3' title='bbox 760 134 1081 294; x_wconf 66' lang='lat' dir='ltr'>ss</span> <span class='ocrx_word' id='word_1_4' title='bbox 1452 280 1455 285; x_wconf 16' lang='lat'><strong>¹</strong></span> <span class='ocrx_word' id='word_1_5' title='bbox 1497 268 1502 277; x_wconf 64' lang='grc'>,</span> 
     </span>
     <span class='ocr_line' id='line_1_2' title="bbox 81 336 1730 443; baseline 0.002 -21"><span class='ocrx_word' id='word_1_6' title='bbox 81 362 89 385; x_wconf 87' lang='grc'><em>’</em></span> <span class='ocrx_word' id='word_1_7' title='bbox 109 345 190 423; x_wconf 73' lang='lat' dir='ltr'><strong>sens</strong></span> <span class='ocrx_word' id='word_1_8' title='bbox 208 343 249 421; x_wconf 87' lang='lat' dir='ltr'><strong>iu</strong></span> <span class='ocrx_word' id='word_1_9' title='bbox 267 342 382 442; x_wconf 86' lang='lat' dir='ltr'><strong>prima</strong></span> <span class='ocrx_word' id='word_1_10' title='bbox 403 340 505 439; x_wconf 84' lang='lat' dir='ltr'><strong>peimi</strong></span> <span class='ocrx_word' id='word_1_11' title='bbox 530 338 604 417; x_wconf 87' lang='lat' dir='ltr'><strong>lolii</strong></span> <span class='ocrx_word' id='word_1_12' title='bbox 619 336 748 439; x_wconf 87' lang='lat' dir='ltr'><strong>pagina</strong></span> <span class='ocrx_word' id='word_1_13' title='bbox 767 339 863 417; x_wconf 90' lang='lat' dir='ltr'><strong>hunc</strong></span> <span class='ocrx_word' id='word_1_14' title='bbox 876 340 1020 417; x_wconf 88' lang='lat' dir='ltr'><strong>titulum</strong></span> <span class='ocrx_word' id='word_1_15' title='bbox 1091 337 1213 416; x_wconf 82' lang='lat' dir='ltr'><strong>otlrico</strong></span> <span class='ocrx_word' id='word_1_16' title='bbox 1230 338 1430 419; x_wconf 74' lang='lat' dir='ltr'><strong>cherestato</strong></span> <span class='ocrx_word' id='word_1_17' title='bbox 1448 340 1645 443; x_wconf 76' lang='lat' dir='ltr'><strong>majusdrlo</strong></span> <span class='ocrx_word' id='word_1_18' title='bbox 1657 343 1730 425; x_wconf 58' lang='lat' dir='ltr'><strong>imi</strong></span> 
     </span>
     <span class='ocr_line' id='line_1_3' title="bbox 138 361 1730 541; baseline -0.001 -25"><span class='ocrx_word' id='word_1_19' title='bbox 138 438 282 525; x_wconf 83' lang='lat' dir='ltr'><strong>rell&#39;um,</strong></span> <span class='ocrx_word' id='word_1_20' title='bbox 307 441 467 516; x_wconf 80' lang='lat' dir='ltr'>exhibet:</span> <span class='ocrx_word' id='word_1_21' title='bbox 492 436 661 515; x_wconf 79' lang='lat' dir='ltr'><em>Sermones</em></span> <span class='ocrx_word' id='word_1_22' title='bbox 682 434 852 541; x_wconf 78' lang='lat' dir='ltr'><strong>Meffreth.</strong></span> <span class='ocrx_word' id='word_1_23' title='bbox 874 437 939 510; x_wconf 79' lang='lat' dir='ltr'><strong>ol&#39;s</strong></span> <span class='ocrx_word' id='word_1_24' title='bbox 959 361 1099 523; x_wconf 55' lang='lat' dir='ltr'><strong>ortulis}</strong></span> <span class='ocrx_word' id='word_1_25' title='bbox 1123 462 1159 529; x_wconf 82' lang='lat' dir='ltr'><strong>re</strong></span> <span class='ocrx_word' id='word_1_26' title='bbox 1184 438 1235 509; x_wconf 85' lang='lat' dir='ltr'><strong>ine</strong></span> <span class='ocrx_word' id='word_1_27' title='bbox 1250 434 1292 510; x_wconf 81' lang='lat' dir='ltr'><strong>ele</strong></span> <span class='ocrx_word' id='word_1_28' title='bbox 1312 450 1455 536; x_wconf 75' lang='lat' dir='ltr'><strong>tempore,</strong></span> <span class='ocrx_word' id='word_1_29' title='bbox 1470 439 1560 519; x_wconf 86' lang='lat' dir='ltr'><strong>Pors</strong></span> <span class='ocrx_word' id='word_1_30' title='bbox 1574 442 1730 541; x_wconf 65' lang='lat' dir='ltr'><strong>Hermo·</strong></span> 
     </span>
     <span class='ocr_line' id='line_1_4' title="bbox 109 462 1728 637; baseline 0.002 -26"><span class='ocrx_word' id='word_1_31' title='bbox 109 466 167 627; x_wconf 70' lang='lat' dir='ltr'><strong>sis.</strong></span> <span class='ocrx_word' id='word_1_32' title='bbox 236 531 334 611; x_wconf 86' lang='lat' dir='ltr'><strong>Folio</strong></span> <span class='ocrx_word' id='word_1_33' title='bbox 357 535 507 625; x_wconf 84' lang='lat' dir='ltr'><strong>secundo</strong></span> <span class='ocrx_word' id='word_1_34' title='bbox 538 533 659 629; x_wconf 78' lang='lat' dir='ltr'><em>Incipit</em></span> <span class='ocrx_word' id='word_1_35' title='bbox 679 557 761 629; x_wconf 84' lang='lat' dir='ltr'><strong>porr</strong></span> <span class='ocrx_word' id='word_1_36' title='bbox 782 532 919 628; x_wconf 80' lang='lat' dir='ltr'><strong>hyemes</strong></span> <span class='ocrx_word' id='word_1_37' title='bbox 944 530 1105 609; x_wconf 82' lang='lat' dir='ltr'><strong>Sermoni</strong></span> <span class='ocrx_word' id='word_1_38' title='bbox 1127 462 1285 628; x_wconf 69' lang='lat' dir='ltr'><strong>rlseffreth</strong></span> <span class='ocrx_word' id='word_1_39' title='bbox 1307 534 1397 608; x_wconf 85' lang='lat' dir='ltr'><strong>alios</strong></span> <span class='ocrx_word' id='word_1_40' title='bbox 1429 533 1570 615; x_wconf 74' lang='lat' dir='ltr'><strong>orentes</strong></span> <span class='ocrx_word' id='word_1_41' title='bbox 1596 540 1728 637; x_wconf 78' lang='lat' dir='ltr'><em>regine.</em></span> 
     </span>
     <span class='ocr_line' id='line_1_5' title="bbox 114 626 1730 729; baseline 0.002 -22"><span class='ocrx_word' id='word_1_42' title='bbox 114 631 289 729; x_wconf 74' lang='lat' dir='ltr'><em>Prologus.</em></span> <span class='ocrx_word' id='word_1_43' title='bbox 340 632 512 726; x_wconf 85' lang='lat' dir='ltr'>Prologus</span> <span class='ocrx_word' id='word_1_44' title='bbox 529 631 588 704; x_wconf 92' lang='lat' dir='ltr'><strong>hic</strong></span> <span class='ocrx_word' id='word_1_45' title='bbox 610 631 819 705; x_wconf 89' lang='lat' dir='ltr'><strong>terminatur</strong></span> <span class='ocrx_word' id='word_1_46' title='bbox 839 628 878 702; x_wconf 90' lang='lat' dir='ltr'><strong>in</strong></span> <span class='ocrx_word' id='word_1_47' title='bbox 896 627 1015 704; x_wconf 88' lang='lat' dir='ltr'><strong>aversa</strong></span> <span class='ocrx_word' id='word_1_48' title='bbox 1037 628 1165 725; x_wconf 88' lang='lat' dir='ltr'><strong>pagina</strong></span> <span class='ocrx_word' id='word_1_49' title='bbox 1187 626 1351 727; x_wconf 84' lang='lat' dir='ltr'><strong>ejusdem</strong></span> <span class='ocrx_word' id='word_1_50' title='bbox 1371 628 1468 719; x_wconf 87' lang='lat' dir='ltr'><strong>solii,</strong></span> <span class='ocrx_word' id='word_1_51' title='bbox 1491 634 1664 711; x_wconf 87' lang='lat' dir='ltr'><strong>columna</strong></span> <span class='ocrx_word' id='word_1_52' title='bbox 1684 660 1730 729; x_wconf 83' lang='lat'><strong>3,</strong></span> 
     </span>
     <span class='ocr_line' id='line_1_6' title="bbox 113 714 1731 823; baseline -0.002 -18"><span class='ocrx_word' id='word_1_53' title='bbox 113 732 209 805; x_wconf 91' lang='lat' dir='ltr'><strong>linea</strong></span> <span class='ocrx_word' id='word_1_54' title='bbox 228 752 259 803; x_wconf 89' lang='lat' dir='ltr'><strong>r.</strong></span> <span class='ocrx_word' id='word_1_55' title='bbox 306 729 400 803; x_wconf 86' lang='lat' dir='ltr'><strong>Turn</strong></span> <span class='ocrx_word' id='word_1_56' title='bbox 415 727 483 800; x_wconf 88' lang='lat' dir='ltr'><strong>inci</strong></span> <span class='ocrx_word' id='word_1_57' title='bbox 508 727 537 797; x_wconf 92' lang='lat' dir='ltr'><strong>it</strong></span> <span class='ocrx_word' id='word_1_58' title='bbox 563 714 676 798; x_wconf 70' lang='lat' dir='ltr'><strong>Drica</strong></span> <span class='ocrx_word' id='word_1_59' title='bbox 692 723 773 822; x_wconf 63' lang='lat' dir='ltr'><strong>imo</strong></span> <span class='ocrx_word' id='word_1_60' title='bbox 795 720 938 804; x_wconf 69' lang='lat' dir='ltr'><strong>moene?</strong></span> <span class='ocrx_word' id='word_1_61' title='bbox 963 720 1078 800; x_wconf 80' lang='lat' dir='ltr'><strong>Sermo</strong></span> <span class='ocrx_word' id='word_1_62' title='bbox 1095 724 1206 823; x_wconf 75' lang='lat' dir='ltr'><strong>pimus.</strong></span> <span class='ocrx_word' id='word_1_63' title='bbox 1252 724 1351 821; x_wconf 91' lang='lat' dir='ltr'><strong>Opus</strong></span> <span class='ocrx_word' id='word_1_64' title='bbox 1372 729 1521 822; x_wconf 81' lang='lat' dir='ltr'><strong>gpthico</strong></span> <span class='ocrx_word' id='word_1_65' title='bbox 1541 730 1731 805; x_wconf 76' lang='lat' dir='ltr'><strong>chanlie-</strong></span> 
     </span>
     <span class='ocr_line' id='line_1_7' title="bbox 115 748 1732 922; baseline 0 -20"><span class='ocrx_word' id='word_1_66' title='bbox 115 848 155 902; x_wconf 88' lang='lat' dir='ltr'><strong>re</strong></span> <span class='ocrx_word' id='word_1_67' title='bbox 176 820 392 921; x_wconf 85' lang='lat' dir='ltr'>pereleganti</span> <span class='ocrx_word' id='word_1_68' title='bbox 420 748 660 896; x_wconf 68' lang='lat' dir='ltr'><strong>&amp;suculento</strong></span> <span class='ocrx_word' id='word_1_69' title='bbox 693 823 731 895; x_wconf 92' lang='lat' dir='ltr'><strong>in</strong></span> <span class='ocrx_word' id='word_1_70' title='bbox 761 818 1102 895; x_wconf 85' lang='lat' dir='ltr'><strong>duabus&#39;columnis</strong></span> <span class='ocrx_word' id='word_1_71' title='bbox 1130 820 1252 895; x_wconf 82' lang='lat' dir='ltr'><strong>nitidae</strong></span> <span class='ocrx_word' id='word_1_72' title='bbox 1280 820 1415 897; x_wconf 73' lang='lat' dir='ltr'><strong>charte</strong></span> <span class='ocrx_word' id='word_1_73' title='bbox 1435 824 1639 922; x_wconf 81' lang='lat' dir='ltr'><strong>impressum</strong></span> <span class='ocrx_word' id='word_1_74' title='bbox 1665 824 1732 901; x_wconf 88' lang='lat' dir='ltr'><strong>est.</strong></span> 
     </span>
     <span class='ocr_line' id='line_1_8' title="bbox 113 913 1804 1017; baseline -0.001 -19"><span class='ocrx_word' id='word_1_75' title='bbox 113 922 225 998; x_wconf 87' lang='lat' dir='ltr'>Caret</span> <span class='ocrx_word' id='word_1_76' title='bbox 244 917 430 994; x_wconf 81' lang='lat' dir='ltr'><strong>initialibus</strong></span> <span class='ocrx_word' id='word_1_77' title='bbox 452 916 594 1000; x_wconf 85' lang='lat' dir='ltr'><strong>litteris,</strong></span> <span class='ocrx_word' id='word_1_78' title='bbox 624 916 841 999; x_wconf 87' lang='lat' dir='ltr'><strong>custodibus,</strong></span> <span class='ocrx_word' id='word_1_79' title='bbox 869 913 907 989; x_wconf 82' lang='lat' dir='ltr'><strong>dc</strong></span> <span class='ocrx_word' id='word_1_80' title='bbox 920 916 1076 988; x_wconf 89' lang='lat' dir='ltr'><strong>numeris</strong></span> <span class='ocrx_word' id='word_1_81' title='bbox 1096 936 1140 1011; x_wconf 92' lang='lat' dir='ltr'><strong>pa</strong></span> <span class='ocrx_word' id='word_1_82' title='bbox 1167 916 1312 991; x_wconf 80' lang='lat' dir='ltr'><strong>&#39;nauum</strong></span> <span class='ocrx_word' id='word_1_83' title='bbox 1364 916 1485 995; x_wconf 81' lang='lat' dir='ltr'>Habet</span> <span class='ocrx_word' id='word_1_84' title='bbox 1506 941 1590 995; x_wconf 91' lang='lat' dir='ltr'><strong>vero</strong></span> <span class='ocrx_word' id='word_1_85' title='bbox 1610 920 1731 1017; x_wconf 83' lang='lat' dir='ltr'><strong>figna·</strong></span> <span class='ocrx_word' id='word_1_86' title='bbox 1798 948 1804 965; x_wconf 94' lang='lat'><strong>·</strong></span> 
     </span>
     <span class='ocr_line' id='line_1_9' title="bbox 114 938 1730 1109; baseline -0.002 -20"><span class='ocrx_word' id='word_1_87' title='bbox 114 1029 234 1097; x_wconf 85' lang='lat' dir='ltr'><strong>turns,</strong></span> <span class='ocrx_word' id='word_1_88' title='bbox 262 1013 553 1107; x_wconf 74' lang='lat' dir='ltr'><strong>&amp;inscriptiones</strong></span> <span class='ocrx_word' id='word_1_89' title='bbox 574 1014 798 1107; x_wconf 89' lang='lat' dir='ltr'><strong>paginarum,</strong></span> <span class='ocrx_word' id='word_1_90' title='bbox 831 1035 865 1087; x_wconf 84' lang='lat' dir='ltr'><strong>e.</strong></span> <span class='ocrx_word' id='word_1_91' title='bbox 880 1034 915 1105; x_wconf 89' lang='lat' dir='ltr'><strong>g.</strong></span> <span class='ocrx_word' id='word_1_92' title='bbox 943 938 1177 1082; x_wconf 53' lang='lat' dir='ltr'><strong>Domiuieoi¹</strong></span> <span class='ocrx_word' id='word_1_93' title='bbox 1208 1009 1432 1109; x_wconf 81' lang='lat' dir='ltr'><strong>Seaogefioro,</strong></span> <span class='ocrx_word' id='word_1_94' title='bbox 1496 1014 1730 1092; x_wconf 78' lang='lat' dir='ltr'><strong>Ternrinatur</strong></span> 
     </span>
     <span class='ocr_line' id='line_1_10' title="bbox 110 1104 1731 1276; baseline 0.001 -91"><span class='ocrx_word' id='word_1_95' title='bbox 110 1112 292 1208; x_wconf 85' lang='lat' dir='ltr'><strong>hyemalis</strong></span> <span class='ocrx_word' id='word_1_96' title='bbox 311 1109 349 1181; x_wconf 90' lang='lat' dir='ltr'><strong>in</strong></span> <span class='ocrx_word' id='word_1_97' title='bbox 360 1111 484 1276; x_wconf 66' lang='lat' dir='ltr'><strong>prima</strong></span> <span class='ocrx_word' id='word_1_98' title='bbox 502 1108 667 1215; x_wconf 88' lang='lat' dir='ltr'><strong>columna</strong></span> <span class='ocrx_word' id='word_1_99' title='bbox 683 1106 762 1181; x_wconf 81' lang='lat' dir='ltr'><strong>&#39;solii</strong></span> <span class='ocrx_word' id='word_1_100' title='bbox 784 1105 871 1181; x_wconf 87' lang='lat' dir='ltr'><strong>sexti</strong></span> <span class='ocrx_word' id='word_1_101' title='bbox 889 1104 1142 1216; x_wconf 23' lang='lat' dir='ltr'><strong>‘quaternionis</strong></span> <span class='ocrx_word' id='word_1_102' title='bbox 1157 1126 1188 1191; x_wconf 82' lang='lat' dir='ltr'><strong>t,</strong></span> <span class='ocrx_word' id='word_1_103' title='bbox 1212 1106 1307 1182; x_wconf 91' lang='lat' dir='ltr'><strong>linea</strong></span> <span class='ocrx_word' id='word_1_104' title='bbox 1325 1131 1392 1211; x_wconf 77' lang='lat'><strong>35,</strong></span> <span class='ocrx_word' id='word_1_105' title='bbox 1416 1109 1474 1185; x_wconf 90' lang='lat' dir='ltr'><strong>cui</strong></span> <span class='ocrx_word' id='word_1_106' title='bbox 1493 1110 1642 1207; x_wconf 88' lang='lat' dir='ltr'><strong>sequens</strong></span> <span class='ocrx_word' id='word_1_107' title='bbox 1660 1113 1731 1189; x_wconf 87' lang='lat' dir='ltr'><strong>ad·</strong></span> 
     </span>
     <span class='ocr_line' id='line_1_11' title="bbox 114 1197 1731 1305; baseline -0.001 -23"><span class='ocrx_word' id='word_1_108' title='bbox 114 1205 206 1305; x_wconf 78' lang='lat' dir='ltr'><strong>jesia</strong></span> <span class='ocrx_word' id='word_1_109' title='bbox 229 1204 280 1279; x_wconf 85' lang='lat' dir='ltr'><strong>est</strong></span> <span class='ocrx_word' id='word_1_110' title='bbox 301 1204 359 1279; x_wconf 89' lang='lat' dir='ltr'><strong>sub</strong></span> <span class='ocrx_word' id='word_1_111' title='bbox 373 1205 513 1299; x_wconf 90' lang='lat' dir='ltr'><strong>criptio:</strong></span> <span class='ocrx_word' id='word_1_112' title='bbox 540 1200 635 1277; x_wconf 75' lang='lat' dir='ltr'><strong>linit</strong></span> <span class='ocrx_word' id='word_1_113' title='bbox 652 1225 735 1298; x_wconf 86' lang='lat' dir='ltr'><strong>porr</strong></span> <span class='ocrx_word' id='word_1_114' title='bbox 754 1200 912 1298; x_wconf 75' lang='lat' dir='ltr'><strong>iqemoiee</strong></span> <span class='ocrx_word' id='word_1_115' title='bbox 934 1197 1029 1274; x_wconf 81' lang='lat' dir='ltr'><strong>iuius</strong></span> <span class='ocrx_word' id='word_1_116' title='bbox 1051 1222 1170 1296; x_wconf 84' lang='lat' dir='ltr'><strong>operer.</strong></span> <span class='ocrx_word' id='word_1_117' title='bbox 1217 1201 1258 1275; x_wconf 89' lang='lat' dir='ltr'><strong>ln</strong></span> <span class='ocrx_word' id='word_1_118' title='bbox 1281 1203 1447 1280; x_wconf 86' lang='lat' dir='ltr'><strong>cohunna</strong></span> <span class='ocrx_word' id='word_1_119' title='bbox 1463 1204 1541 1281; x_wconf 88' lang='lat' dir='ltr'><strong>solii·</strong></span> <span class='ocrx_word' id='word_1_120' title='bbox 1559 1205 1731 1301; x_wconf 80' lang='lat' dir='ltr'><strong>ejusdem</strong></span> 
     </span>
     <span class='ocr_line' id='line_1_12' title="bbox 115 1294 1733 1410; baseline 0.001 -34"><span class='ocrx_word' id='word_1_121' title='bbox 115 1301 266 1377; x_wconf 88' lang='lat' dir='ltr'><strong>secunda</strong></span> <span class='ocrx_word' id='word_1_122' title='bbox 287 1300 409 1395; x_wconf 86' lang='lat' dir='ltr'><strong>incipit</strong></span> <span class='ocrx_word' id='word_1_123' title='bbox 430 1300 538 1371; x_wconf 86' lang='lat' dir='ltr'><strong>index</strong></span> <span class='ocrx_word' id='word_1_124' title='bbox 559 1298 789 1372; x_wconf 88' lang='lat' dir='ltr'><strong>materiarum</strong></span> <span class='ocrx_word' id='word_1_125' title='bbox 806 1297 1067 1394; x_wconf 82' lang='lat' dir='ltr'><strong>alphabeticus,</strong></span> <span class='ocrx_word' id='word_1_126' title='bbox 1089 1297 1147 1393; x_wconf 90' lang='lat' dir='ltr'><strong>qui</strong></span> <span class='ocrx_word' id='word_1_127' title='bbox 1169 1294 1400 1393; x_wconf 86' lang='lat' dir='ltr'><strong>&amp;reliquum</strong></span> <span class='ocrx_word' id='word_1_128' title='bbox 1420 1297 1625 1410; x_wconf 76' lang='lat' dir='ltr'><strong>huJussolii</strong></span> <span class='ocrx_word' id='word_1_129' title='bbox 1651 1302 1733 1399; x_wconf 85' lang='lat' dir='ltr'><strong>spa·</strong></span> 
     </span>
     <span class='ocr_line' id='line_1_13' title="bbox 116 1392 1732 1495; baseline 0.004 -27"><span class='ocrx_word' id='word_1_130' title='bbox 116 1399 226 1481; x_wconf 89' lang='lat' dir='ltr'><strong>tium,</strong></span> <span class='ocrx_word' id='word_1_131' title='bbox 250 1392 288 1469; x_wconf 89' lang='lat'>&amp;</span> <span class='ocrx_word' id='word_1_132' title='bbox 310 1393 486 1487; x_wconf 88' lang='lat' dir='ltr'><strong>sequentia</strong></span> <span class='ocrx_word' id='word_1_133' title='bbox 511 1394 678 1467; x_wconf 87' lang='lat' dir='ltr'><strong>undecim</strong></span> <span class='ocrx_word' id='word_1_134' title='bbox 704 1394 786 1470; x_wconf 92' lang='lat' dir='ltr'><strong>solia</strong></span> <span class='ocrx_word' id='word_1_135' title='bbox 807 1394 962 1488; x_wconf 88' lang='lat' dir='ltr'><strong>integra,</strong></span> <span class='ocrx_word' id='word_1_136' title='bbox 990 1415 1033 1467; x_wconf 90' lang='lat' dir='ltr'><strong>ac</strong></span> <span class='ocrx_word' id='word_1_137' title='bbox 1078 1402 1226 1466; x_wconf 88' lang='lat' dir='ltr'><strong>raeterea</strong></span> <span class='ocrx_word' id='word_1_138' title='bbox 1246 1394 1387 1488; x_wconf 78' lang='lat' dir='ltr'><strong>parterii</strong></span> <span class='ocrx_word' id='word_1_139' title='bbox 1406 1417 1581 1491; x_wconf 73' lang='lat' dir='ltr'><strong>majorem</strong></span> <span class='ocrx_word' id='word_1_140' title='bbox 1602 1400 1732 1495; x_wconf 81' lang='lat' dir='ltr'><strong>primae</strong></span> 
     </span>
     <span class='ocr_line' id='line_1_14' title="bbox 117 1480 1731 1591; baseline 0.003 -26"><span class='ocrx_word' id='word_1_141' title='bbox 117 1492 188 1565; x_wconf 89' lang='lat' dir='ltr'><strong>solii</strong></span> <span class='ocrx_word' id='word_1_142' title='bbox 205 1490 404 1565; x_wconf 90' lang='lat' dir='ltr'><strong>duodecimi</strong></span> <span class='ocrx_word' id='word_1_143' title='bbox 425 1489 564 1583; x_wconf 82' lang='lat' dir='ltr'><strong>paginae</strong></span> <span class='ocrx_word' id='word_1_144' title='bbox 588 1502 751 1583; x_wconf 85' lang='lat' dir='ltr'><strong>occupat.</strong></span> <span class='ocrx_word' id='word_1_145' title='bbox 801 1488 972 1564; x_wconf 86' lang='lat' dir='ltr'><strong>Sermones</strong></span> <span class='ocrx_word' id='word_1_146' title='bbox 985 1480 1047 1559; x_wconf 86' lang='lat' dir='ltr'><strong>Me</strong></span> <span class='ocrx_word' id='word_1_147' title='bbox 1075 1485 1144 1561; x_wconf 82' lang='lat' dir='ltr'><strong>reti</strong></span> <span class='ocrx_word' id='word_1_148' title='bbox 1167 1487 1231 1560; x_wconf 86' lang='lat' dir='ltr'><strong>ol’s</strong></span> <span class='ocrx_word' id='word_1_149' title='bbox 1257 1485 1397 1562; x_wconf 84' lang='lat' dir='ltr'><strong>Orteius</strong></span> <span class='ocrx_word' id='word_1_150' title='bbox 1412 1494 1524 1588; x_wconf 81' lang='lat' dir='ltr'><strong>regine</strong></span> <span class='ocrx_word' id='word_1_151' title='bbox 1544 1490 1731 1591; x_wconf 68' lang='lat' dir='ltr'><strong>deseruisse</strong></span> 
     </span>
     <span class='ocr_line' id='line_1_15' title="bbox 117 1582 1732 1686; baseline 0.002 -23"><span class='ocrx_word' id='word_1_152' title='bbox 117 1586 255 1663; x_wconf 77' lang='lat' dir='ltr'><strong>seorsum</strong></span> <span class='ocrx_word' id='word_1_153' title='bbox 284 1610 305 1660; x_wconf 91' lang='lat' dir='ltr'><strong>a</strong></span> <span class='ocrx_word' id='word_1_154' title='bbox 331 1585 608 1679; x_wconf 83' lang='lat' dir='ltr'><strong>praecedentibus</strong></span> <span class='ocrx_word' id='word_1_155' title='bbox 633 1585 755 1661; x_wconf 87' lang='lat' dir='ltr'><strong>haberi</strong></span> <span class='ocrx_word' id='word_1_156' title='bbox 782 1582 936 1680; x_wconf 87' lang='lat' dir='ltr'><strong>possunt:</strong></span> <span class='ocrx_word' id='word_1_157' title='bbox 974 1583 1066 1656; x_wconf 89' lang='lat' dir='ltr'><strong>Sunt</strong></span> <span class='ocrx_word' id='word_1_158' title='bbox 1099 1605 1184 1657; x_wconf 85' lang='lat' dir='ltr'><strong>vero</strong></span> <span class='ocrx_word' id='word_1_159' title='bbox 1211 1584 1339 1676; x_wconf 88' lang='lat' dir='ltr'><strong>iisdem</strong></span> <span class='ocrx_word' id='word_1_160' title='bbox 1363 1584 1507 1674; x_wconf 88' lang='lat' dir='ltr'><strong>litteris,</strong></span> <span class='ocrx_word' id='word_1_161' title='bbox 1537 1588 1732 1686; x_wconf 88' lang='lat' dir='ltr'><strong>eidemque</strong></span> 
     </span>
     <span class='ocr_line' id='line_1_16' title="bbox 116 1677 1727 1776; baseline 0.002 -22"><span class='ocrx_word' id='word_1_162' title='bbox 116 1684 254 1759; x_wconf 82' lang='lat' dir='ltr'><strong>chartae</strong></span> <span class='ocrx_word' id='word_1_163' title='bbox 270 1677 437 1774; x_wconf 81' lang='lat' dir='ltr'><strong>impressi,</strong></span> <span class='ocrx_word' id='word_1_164' title='bbox 465 1692 582 1755; x_wconf 87' lang='lat' dir='ltr'><strong>cetera</strong></span> <span class='ocrx_word' id='word_1_165' title='bbox 599 1701 669 1776; x_wconf 92' lang='lat' dir='ltr'><strong>quo</strong></span> <span class='ocrx_word' id='word_1_166' title='bbox 693 1703 756 1764; x_wconf 87' lang='lat' dir='ltr'><strong>ue,</strong></span> <span class='ocrx_word' id='word_1_167' title='bbox 772 1700 852 1775; x_wconf 90' lang='lat' dir='ltr'><strong>quae</strong></span> <span class='ocrx_word' id='word_1_168' title='bbox 867 1678 914 1752; x_wconf 89' lang='lat' dir='ltr'><strong>ad</strong></span> <span class='ocrx_word' id='word_1_169' title='bbox 931 1689 1116 1754; x_wconf 88' lang='lat' dir='ltr'><strong>externam</strong></span> <span class='ocrx_word' id='word_1_170' title='bbox 1130 1677 1281 1775; x_wconf 78' lang='lat' dir='ltr'><strong>spoliant</strong></span> <span class='ocrx_word' id='word_1_171' title='bbox 1293 1680 1461 1767; x_wconf 71' lang='lat' dir='ltr'><strong>sennan,</strong></span> <span class='ocrx_word' id='word_1_172' title='bbox 1488 1682 1619 1761; x_wconf 87' lang='lat' dir='ltr'><strong>cadem</strong></span> <span class='ocrx_word' id='word_1_173' title='bbox 1632 1685 1727 1763; x_wconf 86' lang='lat' dir='ltr'><strong>suot.</strong></span> 
     </span>
     <span class='ocr_line' id='line_1_17' title="bbox 118 1704 1731 1942; baseline 0.002 -89"><span class='ocrx_word' id='word_1_174' title='bbox 118 1776 329 1874; x_wconf 88' lang='lat' dir='ltr'><strong>Paginarum</strong></span> <span class='ocrx_word' id='word_1_175' title='bbox 353 1774 452 1847; x_wconf 86' lang='lat' dir='ltr'><strong>inseri</strong></span> <span class='ocrx_word' id='word_1_176' title='bbox 477 1775 591 1848; x_wconf 87' lang='lat' dir='ltr'><strong>tiones</strong></span> <span class='ocrx_word' id='word_1_177' title='bbox 612 1704 713 1851; x_wconf 64' lang='lat' dir='ltr'><strong>ficio</strong></span> <span class='ocrx_word' id='word_1_178' title='bbox 735 1776 885 1850; x_wconf 87' lang='lat' dir='ltr'><strong>habent:</strong></span> <span class='ocrx_word' id='word_1_179' title='bbox 913 1774 944 1846; x_wconf 86' lang='lat' dir='ltr'><strong>e&#39;.</strong></span> <span class='ocrx_word' id='word_1_180' title='bbox 960 1796 995 1942; x_wconf 83' lang='lat' dir='ltr'><strong>g.</strong></span> <span class='ocrx_word' id='word_1_181' title='bbox 1019 1773 1147 1849; x_wconf 90' lang='lat' dir='ltr'><strong>Sermo</strong></span> <span class='ocrx_word' id='word_1_182' title='bbox 1163 1773 1321 1862; x_wconf 85' lang='lat' dir='ltr'><strong>Xllllll,</strong></span> <span class='ocrx_word' id='word_1_183' title='bbox 1351 1812 1390 1832; x_wconf 90' lang='lat'>-</span> <span class='ocrx_word' id='word_1_184' title='bbox 1413 1777 1481 1853; x_wconf 83' lang='lat' dir='ltr'><strong>Lx</strong></span> <span class='ocrx_word' id='word_1_185' title='bbox 1502 1779 1573 1856; x_wconf 79' lang='lat' dir='ltr'><strong>dec.</strong></span> <span class='ocrx_word' id='word_1_186' title='bbox 1624 1781 1670 1856; x_wconf 90' lang='lat' dir='ltr'><strong>ln</strong></span> <span class='ocrx_word' id='word_1_187' title='bbox 1685 1781 1731 1857; x_wconf 86' lang='lat' dir='ltr'><strong>ti·</strong></span> 
     </span>
     <span class='ocr_line' id='line_1_18' title="bbox 118 1867 1731 1963; baseline 0.004 -14"><span class='ocrx_word' id='word_1_188' title='bbox 118 1897 165 1949; x_wconf 84' lang='lat' dir='ltr'><strong>ne</strong></span> <span class='ocrx_word' id='word_1_189' title='bbox 194 1871 366 1947; x_wconf 88' lang='lat' dir='ltr'><strong>sermonis</strong></span> <span class='ocrx_word' id='word_1_190' title='bbox 389 1870 454 1944; x_wconf 90' lang='lat' dir='ltr'><strong>CX</strong></span> <span class='ocrx_word' id='word_1_191' title='bbox 494 1869 519 1941; x_wconf 83' lang='grc' dir='ltr'><strong>Ι.</strong></span> <span class='ocrx_word' id='word_1_192' title='bbox 544 1870 711 1963; x_wconf 81' lang='lat' dir='ltr'><strong>leguntur</strong></span> <span class='ocrx_word' id='word_1_193' title='bbox 736 1869 871 1944; x_wconf 88' lang='lat' dir='ltr'><strong>versus:</strong></span> <span class='ocrx_word' id='word_1_194' title='bbox 899 1867 960 1941; x_wconf 78' lang='lat' dir='ltr'><strong>Me</strong></span> <span class='ocrx_word' id='word_1_195' title='bbox 973 1867 1085 1960; x_wconf 83' lang='lat' dir='ltr'><strong>lisluos</strong></span> <span class='ocrx_word' id='word_1_196' title='bbox 1101 1867 1232 1962; x_wconf 71' lang='lat' dir='ltr'><strong>foslius</strong></span> <span class='ocrx_word' id='word_1_197' title='bbox 1251 1868 1321 1947; x_wconf 80' lang='lat' dir='ltr'><strong>dcc.</strong></span> <span class='ocrx_word' id='word_1_198' title='bbox 1347 1892 1445 1947; x_wconf 76' lang='lat' dir='ltr'><strong>ame</strong></span> <span class='ocrx_word' id='word_1_199' title='bbox 1462 1876 1605 1952; x_wconf 87' lang='lat' dir='ltr'><strong>recitati</strong></span> <span class='ocrx_word' id='word_1_200' title='bbox 1625 1876 1731 1955; x_wconf 85' lang='lat' dir='ltr'><strong>adh.</strong></span> 
     </span>
     <span class='ocr_line' id='line_1_19' title="bbox 116 1963 1732 2067; baseline 0.004 -25"><span class='ocrx_word' id='word_1_201' title='bbox 116 1992 151 2045; x_wconf 87' lang='lat' dir='ltr'><strong>a.</strong></span> <span class='ocrx_word' id='word_1_202' title='bbox 181 1968 226 2042; x_wconf 88' lang='lat' dir='ltr'><strong>N.</strong></span> <span class='ocrx_word' id='word_1_203' title='bbox 244 1964 338 2041; x_wconf 85' lang='lat' dir='ltr'><strong>Vlll.</strong></span> <span class='ocrx_word' id='word_1_204' title='bbox 362 1966 408 2039; x_wconf 88' lang='lat' dir='ltr'><strong>ad</strong></span> <span class='ocrx_word' id='word_1_205' title='bbox 430 1964 565 2039; x_wconf 88' lang='lat' dir='ltr'><strong>calcem</strong></span> <span class='ocrx_word' id='word_1_206' title='bbox 588 1989 671 2039; x_wconf 90' lang='lat' dir='ltr'><strong>vero</strong></span> <span class='ocrx_word' id='word_1_207' title='bbox 692 1965 840 2047; x_wconf 82' lang='lat' dir='ltr'><strong>tabulae,</strong></span> <span class='ocrx_word' id='word_1_208' title='bbox 868 1963 925 2047; x_wconf 86' lang='lat' dir='ltr'><strong>seu</strong></span> <span class='ocrx_word' id='word_1_209' title='bbox 947 1965 1071 2038; x_wconf 88' lang='lat' dir='ltr'><strong>indicis</strong></span> <span class='ocrx_word' id='word_1_210' title='bbox 1090 1966 1320 2040; x_wconf 83' lang='lat' dir='ltr'><strong>materiarum</strong></span> <span class='ocrx_word' id='word_1_211' title='bbox 1340 1968 1555 2061; x_wconf 84' lang='lat' dir='ltr'><strong>alphabetici</strong></span> <span class='ocrx_word' id='word_1_212' title='bbox 1576 1972 1732 2067; x_wconf 74' lang='lat' dir='ltr'><strong>sequens</strong></span> 
     </span>
     <span class='ocr_line' id='line_1_20' title="bbox 115 2056 1731 2163; baseline 0.002 -25"><span class='ocrx_word' id='word_1_213' title='bbox 115 2063 328 2158; x_wconf 82' lang='lat' dir='ltr'><strong>subscriptio:</strong></span> <span class='ocrx_word' id='word_1_214' title='bbox 359 2056 670 2156; x_wconf 80' lang='lat' dir='ltr'><strong>Opussoiutiseruoe</strong></span> <span class='ocrx_word' id='word_1_215' title='bbox 683 2057 870 2155; x_wconf 84' lang='lat' dir='ltr'><strong>sermonum</strong></span> <span class='ocrx_word' id='word_1_216' title='bbox 890 2057 1051 2156; x_wconf 67' lang='lat' dir='ltr'><strong>Mejsreth</strong></span> <span class='ocrx_word' id='word_1_217' title='bbox 1070 2062 1104 2131; x_wconf 85' lang='lat' dir='ltr'><strong>io</strong></span> <span class='ocrx_word' id='word_1_218' title='bbox 1128 2071 1196 2133; x_wconf 81' lang='lat' dir='ltr'><strong>tres</strong></span> <span class='ocrx_word' id='word_1_219' title='bbox 1241 2070 1288 2134; x_wconf 81' lang='lat' dir='ltr'><strong>ser</strong></span> <span class='ocrx_word' id='word_1_220' title='bbox 1313 2057 1422 2163; x_wconf 78' lang='lat' dir='ltr'><strong>diuisa</strong></span> <span class='ocrx_word' id='word_1_221' title='bbox 1471 2064 1649 2162; x_wconf 72' lang='lat' dir='ltr'><strong>hyemalem</strong></span> <span class='ocrx_word' id='word_1_222' title='bbox 1673 2072 1731 2142; x_wconf 88' lang='lat' dir='ltr'><strong>vi·</strong></span> 
     </span>
     <span class='ocr_line' id='line_1_21' title="bbox 116 2083 1737 2259; baseline 0.002 -27"><span class='ocrx_word' id='word_1_223' title='bbox 116 2158 244 2235; x_wconf 80' lang='lat' dir='ltr'><strong>delicet.</strong></span> <span class='ocrx_word' id='word_1_224' title='bbox 291 2153 469 2253; x_wconf 83' lang='lat' dir='ltr'><strong>Estiuolem</strong></span> <span class='ocrx_word' id='word_1_225' title='bbox 491 2153 532 2229; x_wconf 71' lang='lat' dir='ltr'><strong>si</strong></span> <span class='ocrx_word' id='word_1_226' title='bbox 553 2153 595 2228; x_wconf 81' lang='lat' dir='ltr'><strong>eie</strong></span> <span class='ocrx_word' id='word_1_227' title='bbox 623 2151 754 2232; x_wconf 81' lang='lat' dir='ltr'><strong>Sooiiir</strong></span> <span class='ocrx_word' id='word_1_228' title='bbox 790 2154 925 2251; x_wconf 82' lang='lat' dir='ltr'><strong>explicit</strong></span> <span class='ocrx_word' id='word_1_229' title='bbox 959 2153 1010 2229; x_wconf 86' lang='lat' dir='ltr'><strong>Im</strong></span> <span class='ocrx_word' id='word_1_230' title='bbox 1034 2147 1118 2254; x_wconf 79' lang='lat' dir='ltr'><strong>reffli</strong></span> <span class='ocrx_word' id='word_1_231' title='bbox 1144 2083 1283 2258; x_wconf 45' lang='lat' dir='ltr'><strong>Beira</strong></span> <span class='ocrx_word' id='word_1_232' title='bbox 1303 2182 1364 2254; x_wconf 86' lang='lat' dir='ltr'><strong>per</strong></span> <span class='ocrx_word' id='word_1_233' title='bbox 1427 2159 1568 2235; x_wconf 83' lang='lat' dir='ltr'><strong>icoiouro</strong></span> <span class='ocrx_word' id='word_1_234' title='bbox 1590 2159 1737 2259; x_wconf 47' lang='lat' dir='ltr'><strong>Iseslep</strong></span> 
     </span>
     <span class='ocr_line' id='line_1_22' title="bbox 97 2248 1728 2424; baseline 0.004 -93"><span class='ocrx_word' id='word_1_235' title='bbox 97 2253 222 2331; x_wconf 78' lang='lat' dir='ltr'><strong>&#39;Aaou</strong></span> <span class='ocrx_word' id='word_1_236' title='bbox 251 2250 386 2324; x_wconf 81' lang='lat' dir='ltr'><strong>domini.</strong></span> <span class='ocrx_word' id='word_1_237' title='bbox 423 2248 605 2344; x_wconf 75' lang='lat' dir='ltr'><strong>Millefimo‘</strong></span> <span class='ocrx_word' id='word_1_238' title='bbox 640 2250 930 2349; x_wconf 81' lang='lat' dir='ltr'><strong>quadrirrgitestmo</strong></span> <span class='ocrx_word' id='word_1_239' title='bbox 960 2276 980 2324; x_wconf 91' lang='lat' dir='ltr'><strong>o</strong></span> <span class='ocrx_word' id='word_1_240' title='bbox 1007 2250 1168 2362; x_wconf 74' lang='lat' dir='ltr'><strong>nogesimo</strong></span> <span class='ocrx_word' id='word_1_241' title='bbox 1179 2250 1346 2424; x_wconf 57' lang='lat' dir='ltr'><strong>¹sepetirreo.</strong></span> <span class='ocrx_word' id='word_1_242' title='bbox 1381 2252 1435 2328; x_wconf 75' lang='lat' dir='ltr'><strong>dte</strong></span> <span class='ocrx_word' id='word_1_243' title='bbox 1470 2253 1622 2333; x_wconf 80' lang='lat' dir='ltr'><strong>Saturni.</strong></span> <span class='ocrx_word' id='word_1_244' title='bbox 1654 2283 1728 2338; x_wconf 80' lang='lat' dir='ltr'><strong>xro.</strong></span> 
     </span>
     <span class='ocr_line' id='line_1_23' title="bbox 116 2343 1730 2459; baseline 0.004 -36"><span class='ocrx_word' id='word_1_245' title='bbox 116 2350 221 2448; x_wconf 81' lang='lat' dir='ltr'><strong>Mists</strong></span> <span class='ocrx_word' id='word_1_246' title='bbox 239 2343 423 2449; x_wconf 55' lang='lat' dir='ltr'><strong>januarii.</strong></span> <span class='ocrx_word' id='word_1_247' title='bbox 473 2345 638 2442; x_wconf 79' lang='lat' dir='ltr'><strong>Suhjesta</strong></span> <span class='ocrx_word' id='word_1_248' title='bbox 652 2348 729 2422; x_wconf 92' lang='lat' dir='ltr'><strong>suut</strong></span> <span class='ocrx_word' id='word_1_249' title='bbox 744 2348 956 2459; x_wconf 79' lang='lat' dir='ltr'><strong>typographi</strong></span> <span class='ocrx_word' id='word_1_250' title='bbox 973 2345 1127 2443; x_wconf 76' lang='lat' dir='ltr'><strong>infigura</strong></span> <span class='ocrx_word' id='word_1_251' title='bbox 1207 2362 1282 2426; x_wconf 86' lang='lat' dir='ltr'><strong>atet</strong></span> <span class='ocrx_word' id='word_1_252' title='bbox 1302 2370 1349 2423; x_wconf 85' lang='lat' dir='ltr'><strong>ex</strong></span> <span class='ocrx_word' id='word_1_253' title='bbox 1373 2348 1441 2426; x_wconf 83' lang='lat' dir='ltr'><strong>hnc</strong></span> <span class='ocrx_word' id='word_1_254' title='bbox 1465 2351 1730 2450; x_wconf 81' lang='lat' dir='ltr'><strong>subscriptione,</strong></span> 
     </span>
     <span class='ocr_line' id='line_1_24' title="bbox 116 2442 1733 2551; baseline 0.002 -28"><span class='ocrx_word' id='word_1_255' title='bbox 116 2462 256 2545; x_wconf 86' lang='lat' dir='ltr'><strong>partem</strong></span> <span class='ocrx_word' id='word_1_256' title='bbox 275 2466 345 2539; x_wconf 92' lang='lat' dir='ltr'><strong>quo</strong></span> <span class='ocrx_word' id='word_1_257' title='bbox 371 2466 416 2517; x_wconf 89' lang='lat' dir='ltr'><strong>ue</strong></span> <span class='ocrx_word' id='word_1_258' title='bbox 439 2442 568 2516; x_wconf 90' lang='lat' dir='ltr'><strong>horum</strong></span> <span class='ocrx_word' id='word_1_259' title='bbox 588 2443 789 2519; x_wconf 88' lang='lat' dir='ltr'><strong>sermonum</strong></span> <span class='ocrx_word' id='word_1_260' title='bbox 812 2442 1018 2519; x_wconf 79' lang='lat' dir='ltr'><strong>AEstivalem</strong></span> <span class='ocrx_word' id='word_1_261' title='bbox 1040 2445 1086 2520; x_wconf 87' lang='lat' dir='ltr'><strong>ab</strong></span> <span class='ocrx_word' id='word_1_262' title='bbox 1109 2445 1239 2522; x_wconf 89' lang='lat' dir='ltr'><strong>eodem</strong></span> <span class='ocrx_word' id='word_1_263' title='bbox 1262 2446 1484 2545; x_wconf 79' lang='lat' dir='ltr'><strong>typographo</strong></span> <span class='ocrx_word' id='word_1_264' title='bbox 1505 2448 1607 2526; x_wconf 75' lang='lat' dir='ltr'><strong>mitte</strong></span> <span class='ocrx_word' id='word_1_265' title='bbox 1627 2452 1733 2551; x_wconf 73' lang='lat' dir='ltr'><strong>typis</strong></span> 
     </span>
     <span class='ocr_line' id='line_1_25' title="bbox 115 2465 1613 2638; baseline 0.001 -20"><span class='ocrx_word' id='word_1_266' title='bbox 115 2540 293 2618; x_wconf 80' lang='lat' dir='ltr'><strong>excusam.</strong></span> <span class='ocrx_word' id='word_1_267' title='bbox 317 2564 321 2579; x_wconf 72' lang='lat'><strong><em>¹</em></strong></span> <span class='ocrx_word' id='word_1_268' title='bbox 342 2465 416 2614; x_wconf 57' lang='lat' dir='ltr'><strong>sed</strong></span> <span class='ocrx_word' id='word_1_269' title='bbox 436 2538 516 2614; x_wconf 83' lang='lat' dir='ltr'><strong>hoec</strong></span> <span class='ocrx_word' id='word_1_270' title='bbox 539 2541 687 2635; x_wconf 88' lang='lat' dir='ltr'><strong>quidem</strong></span> <span class='ocrx_word' id='word_1_271' title='bbox 706 2540 802 2638; x_wconf 88' lang='lat' dir='ltr'><strong>apud</strong></span> <span class='ocrx_word' id='word_1_272' title='bbox 824 2561 892 2614; x_wconf 90' lang='lat' dir='ltr'><strong>nos</strong></span> <span class='ocrx_word' id='word_1_273' title='bbox 911 2563 985 2617; x_wconf 90' lang='lat' dir='ltr'><strong>non</strong></span> <span class='ocrx_word' id='word_1_274' title='bbox 1003 2537 1124 2618; x_wconf 73' lang='lat' dir='ltr'><strong>uuae</strong></span> <span class='ocrx_word' id='word_1_275' title='bbox 1608 2564 1613 2570; x_wconf 88' lang='lat'><em>·</em></span> 
     </span>
    </p>
   </div>
   <div class='ocr_carea' id='block_1_2' title="bbox 118 2736 1736 3022">
    <p class='ocr_par' dir='ltr' id='par_1_2' title="bbox 118 2736 1736 3022">
     <span class='ocr_line' id='line_1_26' title="bbox 118 2736 1736 3003; baseline 0.001 -114"><span class='ocrx_word' id='word_1_276' title='bbox 118 2792 296 2929; x_wconf 79' lang='lat' dir='ltr'><strong>XVlil.</strong></span> <span class='ocrx_word' id='word_1_277' title='bbox 329 2789 516 2929; x_wconf 59' lang='lat' dir='ltr'><strong>Speculo?</strong></span> <span class='ocrx_word' id='word_1_278' title='bbox 537 2795 812 2924; x_wconf 73' lang='lat' dir='ltr'><strong>exemplorog</strong></span> <span class='ocrx_word' id='word_1_279' title='bbox 837 2752 1308 2925; x_wconf 26' lang='lat' dir='ltr'><strong>omuibus-cirisirolis</strong></span> <span class='ocrx_word' id='word_1_280' title='bbox 1329 2736 1574 2933; x_wconf 64' lang='lat' dir='ltr'><strong>feriobriter</strong></span> <span class='ocrx_word' id='word_1_281' title='bbox 1593 2794 1736 3003; x_wconf 68' lang='lat' dir='ltr'><strong>inspi-</strong></span> 
     </span>
     <span class='ocr_line' id='line_1_27' title="bbox 230 2906 1734 3022; baseline 0.007 -25"><span class='ocrx_word' id='word_1_282' title='bbox 230 2911 378 2998; x_wconf 81' lang='lat' dir='ltr'><strong>orendo</strong></span> <span class='ocrx_word' id='word_1_283' title='bbox 416 2919 466 2995; x_wconf 86' lang='lat' dir='ltr'><strong>eet</strong></span> <span class='ocrx_word' id='word_1_284' title='bbox 497 2912 701 3017; x_wconf 73' lang='lat' dir='ltr'><strong>exemplis</strong></span> <span class='ocrx_word' id='word_1_285' title='bbox 732 2908 898 3017; x_wconf 76' lang='lat' dir='ltr'><strong>desroru</strong></span> <span class='ocrx_word' id='word_1_286' title='bbox 937 2906 1223 3019; x_wconf 62' lang='lat' dir='ltr'><strong>oprepteoom.</strong></span> <span class='ocrx_word' id='word_1_287' title='bbox 1279 2909 1387 2999; x_wconf 83' lang='lat' dir='ltr'><strong>Haec</strong></span> <span class='ocrx_word' id='word_1_288' title='bbox 1421 2912 1650 3022; x_wconf 80' lang='lat' dir='ltr'><strong>gothicoc</strong></span> <span class='ocrx_word' id='word_1_289' title='bbox 1686 2940 1734 3007; x_wconf 80' lang='lat' dir='ltr'><strong>a·</strong></span> 
     </span>
    </p>
   </div>
   <div class='ocr_carea' id='block_1_3' title="bbox 226 3013 1733 3244">
    <p class='ocr_par' dir='ltr' id='par_1_3' title="bbox 226 3013 1733 3244">
     <span class='ocr_line' id='line_1_28' title="bbox 232 3013 1733 3141; baseline 0.002 -33"><span class='ocrx_word' id='word_1_290' title='bbox 232 3020 398 3108; x_wconf 79' lang='lat' dir='ltr'><strong>castere</strong></span> <span class='ocrx_word' id='word_1_291' title='bbox 421 3015 654 3122; x_wconf 85' lang='lat' dir='ltr'><strong>majusculo</strong></span> <span class='ocrx_word' id='word_1_292' title='bbox 682 3013 875 3126; x_wconf 88' lang='lat' dir='ltr'><strong>impressa</strong></span> <span class='ocrx_word' id='word_1_293' title='bbox 897 3020 1095 3125; x_wconf 86' lang='lat' dir='ltr'><strong>leguntur</strong></span> <span class='ocrx_word' id='word_1_294' title='bbox 1120 3020 1334 3131; x_wconf 81' lang='lat' dir='ltr'><strong>inprime</strong></span> <span class='ocrx_word' id='word_1_295' title='bbox 1365 3021 1493 3134; x_wconf 89' lang='lat' dir='ltr'><strong>primi</strong></span> <span class='ocrx_word' id='word_1_296' title='bbox 1521 3021 1623 3125; x_wconf 76' lang='lat' dir='ltr'><strong>lolii</strong></span> <span class='ocrx_word' id='word_1_297' title='bbox 1654 3054 1733 3141; x_wconf 85' lang='lat' dir='ltr'><strong>pa·</strong></span> 
     </span>
     <span class='ocr_line' id='line_1_29' title="bbox 226 3123 1653 3244; baseline 0.002 -26"><span class='ocrx_word' id='word_1_298' title='bbox 226 3134 337 3244; x_wconf 85' lang='lat' dir='ltr'><strong>gina.</strong></span> <span class='ocrx_word' id='word_1_299' title='bbox 370 3125 620 3234; x_wconf 80' lang='lat' dir='ltr'><strong>Argentinae</strong></span> <span class='ocrx_word' id='word_1_300' title='bbox 642 3123 727 3211; x_wconf 80' lang='lat' dir='ltr'><strong>sine</strong></span> <span class='ocrx_word' id='word_1_301' title='bbox 744 3126 923 3210; x_wconf 88' lang='lat' dir='ltr'><strong>nomine</strong></span> <span class='ocrx_word' id='word_1_302' title='bbox 945 3129 1207 3240; x_wconf 84' lang='lat' dir='ltr'><strong>typographi</strong></span> <span class='ocrx_word' id='word_1_303' title='bbox 1229 3157 1349 3242; x_wconf 71' lang='lat'><strong>1437.</strong></span> <span class='ocrx_word' id='word_1_304' title='bbox 1378 3135 1424 3220; x_wconf 91' lang='lat' dir='ltr'><strong>iu</strong></span> <span class='ocrx_word' id='word_1_305' title='bbox 1447 3135 1550 3223; x_wconf 76' lang='lat' dir='ltr'><strong>tor.</strong></span> <span class='ocrx_word' id='word_1_306' title='bbox 1648 3200 1653 3207; x_wconf 84' lang='lat'><em>-</em></span> 
     </span>
    </p>
   </div>
   <div class='ocr_carea' id='block_1_4' title="bbox 114 3310 1771 4495">
    <p class='ocr_par' dir='ltr' id='par_1_4' title="bbox 114 3310 1771 4495">
     <span class='ocr_line' id='line_1_30' title="bbox 278 3310 1771 3427; baseline 0.005 -31"><span class='ocrx_word' id='word_1_307' title='bbox 278 3319 381 3396; x_wconf 84' lang='lat' dir='ltr'><strong>Folio</strong></span> <span class='ocrx_word' id='word_1_308' title='bbox 401 3316 551 3392; x_wconf 84' lang='lat' dir='ltr'><strong>secundo</strong></span> <span class='ocrx_word' id='word_1_309' title='bbox 572 3312 695 3427; x_wconf 79' lang='lat' dir='ltr'><strong>sucipit</strong></span> <span class='ocrx_word' id='word_1_310' title='bbox 719 3310 836 3388; x_wconf 77' lang='lat' dir='ltr'><strong>ubero</strong></span> <span class='ocrx_word' id='word_1_311' title='bbox 861 3315 1083 3414; x_wconf 81' lang='lat' dir='ltr'><strong>exemplorum</strong></span> <span class='ocrx_word' id='word_1_312' title='bbox 1106 3314 1164 3393; x_wconf 89' lang='lat' dir='ltr'><strong>seu</strong></span> <span class='ocrx_word' id='word_1_313' title='bbox 1183 3321 1290 3395; x_wconf 84' lang='lat' dir='ltr'><strong>index</strong></span> <span class='ocrx_word' id='word_1_314' title='bbox 1307 3323 1534 3401; x_wconf 86' lang='lat' dir='ltr'><strong>materiarum</strong></span> <span class='ocrx_word' id='word_1_315' title='bbox 1554 3327 1732 3425; x_wconf 79' lang='lat' dir='ltr'><strong>alphabe-</strong></span> <span class='ocrx_word' id='word_1_316' title='bbox 1745 3365 1771 3403; x_wconf 93' lang='lat'><strong>·.</strong></span> 
     </span>
     <span class='ocr_line' id='line_1_31' title="bbox 116 3413 1733 3512; baseline 0.006 -17"><span class='ocrx_word' id='word_1_317' title='bbox 116 3414 543 3512; x_wconf 85' lang='lat' dir='ltr'><strong>ticus,soliisimprell1s</strong></span> <span class='ocrx_word' id='word_1_318' title='bbox 573 3413 714 3507; x_wconf 79' lang='lat' dir='ltr'><strong>triginta</strong></span> <span class='ocrx_word' id='word_1_319' title='bbox 731 3413 1023 3505; x_wconf 80' lang='lat' dir='ltr'><strong>comprehensus.</strong></span> <span class='ocrx_word' id='word_1_320' title='bbox 1098 3413 1238 3491; x_wconf 87' lang='lat' dir='ltr'><strong>Folium</strong></span> <span class='ocrx_word' id='word_1_321' title='bbox 1278 3417 1493 3511; x_wconf 77' lang='lat' dir='ltr'><strong>trigesimum</strong></span> <span class='ocrx_word' id='word_1_322' title='bbox 1530 3421 1733 3506; x_wconf 88' lang='lat' dir='ltr'><strong>secuudum</strong></span> 
     </span>
     <span class='ocr_line' id='line_1_32' title="bbox 116 3504 1733 3677; baseline 0.006 -88"><span class='ocrx_word' id='word_1_323' title='bbox 116 3536 270 3590; x_wconf 84' lang='lat' dir='ltr'><strong>vacuum</strong></span> <span class='ocrx_word' id='word_1_324' title='bbox 298 3511 359 3587; x_wconf 88' lang='lat' dir='ltr'><strong>est.</strong></span> <span class='ocrx_word' id='word_1_325' title='bbox 438 3508 467 3585; x_wconf 82' lang='lat' dir='ltr'>F</span> <span class='ocrx_word' id='word_1_326' title='bbox 468 3510 541 3587; x_wconf 93' lang='lat' dir='ltr'><strong>olio</strong></span> <span class='ocrx_word' id='word_1_327' title='bbox 562 3532 621 3677; x_wconf 53' lang='lat' dir='ltr'><strong>gp.</strong></span> <span class='ocrx_word' id='word_1_328' title='bbox 661 3504 787 3601; x_wconf 81' lang='lat' dir='ltr'><strong>sucipit</strong></span> <span class='ocrx_word' id='word_1_329' title='bbox 804 3509 983 3670; x_wconf 77' lang='lat' dir='ltr'><strong>prologus,</strong></span> <span class='ocrx_word' id='word_1_330' title='bbox 1012 3510 1048 3583; x_wconf 89' lang='lat' dir='ltr'><strong>in</strong></span> <span class='ocrx_word' id='word_1_331' title='bbox 1074 3530 1145 3676; x_wconf 67' lang='lat' dir='ltr'><strong>guo</strong></span> <span class='ocrx_word' id='word_1_332' title='bbox 1169 3512 1318 3621; x_wconf 76' lang='lat' dir='ltr'><strong>miratu</strong></span> <span class='ocrx_word' id='word_1_333' title='bbox 1353 3513 1475 3623; x_wconf 68' lang='lat' dir='ltr'><strong>aditor</strong></span> <span class='ocrx_word' id='word_1_334' title='bbox 1499 3541 1592 3593; x_wconf 89' lang='lat' dir='ltr'><strong>anon</strong></span> <span class='ocrx_word' id='word_1_335' title='bbox 1660 3528 1733 3613; x_wconf 81' lang='lat' dir='ltr'><strong>u&#39;s,</strong></span> 
     </span>
     <span class='ocr_line' id='line_1_33' title="bbox 115 3601 1733 3709; baseline 0.008 -26"><span class='ocrx_word' id='word_1_336' title='bbox 115 3606 318 3708; x_wconf 73' lang='lat' dir='ltr'><strong>impeefforio</strong></span> <span class='ocrx_word' id='word_1_337' title='bbox 342 3618 416 3681; x_wconf 87' lang='lat' dir='ltr'><strong>orte</strong></span> <span class='ocrx_word' id='word_1_338' title='bbox 431 3610 505 3703; x_wconf 80' lang='lat' dir='ltr'><strong>jam</strong></span> <span class='ocrx_word' id='word_1_339' title='bbox 524 3605 568 3679; x_wconf 85' lang='lat' dir='ltr'><strong>du</strong></span> <span class='ocrx_word' id='word_1_340' title='bbox 593 3628 648 3677; x_wconf 85' lang='lat' dir='ltr'><strong>um</strong></span> <span class='ocrx_word' id='word_1_341' title='bbox 665 3601 778 3696; x_wconf 84' lang='lat' dir='ltr'><strong>louge,</strong></span> <span class='ocrx_word' id='word_1_342' title='bbox 817 3611 931 3693; x_wconf 83' lang='lat' dir='ltr'><strong>oteque</strong></span> <span class='ocrx_word' id='word_1_343' title='bbox 978 3628 1014 3678; x_wconf 88' lang='lat' dir='ltr'><strong>er</strong></span> <span class='ocrx_word' id='word_1_344' title='bbox 1037 3627 1075 3676; x_wconf 88' lang='lat' dir='ltr'><strong>or</strong></span> <span class='ocrx_word' id='word_1_345' title='bbox 1097 3630 1145 3678; x_wconf 86' lang='lat' dir='ltr'><strong>em</strong></span> <span class='ocrx_word' id='word_1_346' title='bbox 1169 3602 1311 3702; x_wconf 68' lang='lat' dir='ltr'><strong>dejsuso,</strong></span> <span class='ocrx_word' id='word_1_347' title='bbox 1335 3630 1518 3684; x_wconf 85' lang='lat' dir='ltr'><strong>nennoem</strong></span> <span class='ocrx_word' id='word_1_348' title='bbox 1542 3637 1588 3686; x_wconf 85' lang='lat' dir='ltr'><strong>eu</strong></span> <span class='ocrx_word' id='word_1_349' title='bbox 1619 3618 1733 3709; x_wconf 69' lang='lat' dir='ltr'><strong>title,</strong></span> 
     </span>
     <span class='ocr_line' id='line_1_34' title="bbox 118 3627 1735 3809; baseline 0.008 -30"><span class='ocrx_word' id='word_1_350' title='bbox 118 3710 178 3809; x_wconf 84' lang='lat' dir='ltr'><strong>qui</strong></span> <span class='ocrx_word' id='word_1_351' title='bbox 200 3696 289 3803; x_wconf 81' lang='lat' dir='ltr'><strong>opus</strong></span> <span class='ocrx_word' id='word_1_352' title='bbox 310 3702 504 3798; x_wconf 83' lang='lat' dir='ltr'><strong>ejusmodi,</strong></span> <span class='ocrx_word' id='word_1_353' title='bbox 533 3699 697 3798; x_wconf 86' lang='lat' dir='ltr'><strong>exempla</strong></span> <span class='ocrx_word' id='word_1_354' title='bbox 717 3719 763 3770; x_wconf 84' lang='lat' dir='ltr'><strong>ex</strong></span> <span class='ocrx_word' id='word_1_355' title='bbox 776 3694 880 3769; x_wconf 78' lang='lat' dir='ltr'><strong>variis</strong></span> <span class='ocrx_word' id='word_1_356' title='bbox 900 3627 1096 3806; x_wconf 52' lang='lat' dir='ltr'><strong>auguribus</strong></span> <span class='ocrx_word' id='word_1_357' title='bbox 1119 3701 1266 3808; x_wconf 80' lang='lat' dir='ltr'><strong>colletia</strong></span> <span class='ocrx_word' id='word_1_358' title='bbox 1282 3700 1538 3793; x_wconf 79' lang='lat' dir='ltr'><strong>compleitens,</strong></span> <span class='ocrx_word' id='word_1_359' title='bbox 1561 3712 1735 3798; x_wconf 82' lang='lat' dir='ltr'><strong>ediderit.</strong></span> 
     </span>
     <span class='ocr_line' id='line_1_35' title="bbox 117 3785 1737 3959; baseline 0 -84"><span class='ocrx_word' id='word_1_360' title='bbox 117 3802 220 3875; x_wconf 78' lang='lat' dir='ltr'><strong>Folio</strong></span> <span class='ocrx_word' id='word_1_361' title='bbox 247 3823 303 3896; x_wconf 76' lang='lat'><strong>34</strong></span> <span class='ocrx_word' id='word_1_362' title='bbox 329 3798 453 3894; x_wconf 84' lang='lat' dir='ltr'><strong>sucipit</strong></span> <span class='ocrx_word' id='word_1_363' title='bbox 462 3794 629 3894; x_wconf 77' lang='lat' dir='ltr'><strong>specuium</strong></span> <span class='ocrx_word' id='word_1_364' title='bbox 651 3791 821 3959; x_wconf 46' lang='lat' dir='ltr'><strong>exempto}</strong></span> <span class='ocrx_word' id='word_1_365' title='bbox 840 3785 908 3895; x_wconf 62' lang='grc' dir='ltr'><strong>ἃς,</strong></span> <span class='ocrx_word' id='word_1_366' title='bbox 958 3789 1086 3883; x_wconf 80' lang='lat' dir='ltr'><strong>Operis</strong></span> <span class='ocrx_word' id='word_1_367' title='bbox 1100 3796 1228 3898; x_wconf 29' lang='lat' dir='ltr'><strong>‘enitor</strong></span> <span class='ocrx_word' id='word_1_368' title='bbox 1251 3790 1321 3886; x_wconf 83' lang='lat' dir='ltr'><strong>epse</strong></span> <span class='ocrx_word' id='word_1_369' title='bbox 1345 3793 1471 3869; x_wconf 85' lang='lat' dir='ltr'><strong>decem</strong></span> <span class='ocrx_word' id='word_1_370' title='bbox 1495 3800 1580 3878; x_wconf 86' lang='lat' dir='ltr'><strong>fecit</strong></span> <span class='ocrx_word' id='word_1_371' title='bbox 1604 3809 1737 3889; x_wconf 79' lang='lat' dir='ltr'><strong>distin.</strong></span> 
     </span>
     <span class='ocr_line' id='line_1_36' title="bbox 116 3887 1733 3991; baseline -0.001 -22"><span class='ocrx_word' id='word_1_372' title='bbox 116 3897 267 3982; x_wconf 77' lang='lat' dir='ltr'><strong>itiones,</strong></span> <span class='ocrx_word' id='word_1_373' title='bbox 298 3897 356 3970; x_wconf 90' lang='lat' dir='ltr'><strong>seu</strong></span> <span class='ocrx_word' id='word_1_374' title='bbox 378 3906 518 3991; x_wconf 83' lang='lat' dir='ltr'><strong>partes,</strong></span> <span class='ocrx_word' id='word_1_375' title='bbox 544 3913 609 3988; x_wconf 88' lang='lat' dir='ltr'><strong>pro</strong></span> <span class='ocrx_word' id='word_1_376' title='bbox 629 3909 777 3966; x_wconf 89' lang='lat' dir='ltr'><strong>numero</strong></span> <span class='ocrx_word' id='word_1_377' title='bbox 814 3893 968 3991; x_wconf 72' lang='lat' dir='ltr'><strong>canpto,</strong></span> <span class='ocrx_word' id='word_1_378' title='bbox 990 3887 1177 3990; x_wconf 62' lang='lat' dir='ltr'><strong>erqurbus</strong></span> <span class='ocrx_word' id='word_1_379' title='bbox 1196 3898 1336 3991; x_wconf 66' lang='lat' dir='ltr'><strong>ngurata</strong></span> <span class='ocrx_word' id='word_1_380' title='bbox 1354 3889 1400 3961; x_wconf 95' lang='lat' dir='ltr'><strong>ad</strong></span> <span class='ocrx_word' id='word_1_381' title='bbox 1420 3894 1586 3983; x_wconf 87' lang='lat' dir='ltr'><strong>verbum,</strong></span> <span class='ocrx_word' id='word_1_382' title='bbox 1610 3917 1654 3980; x_wconf 79' lang='lat' dir='ltr'><strong>ut</strong></span> <span class='ocrx_word' id='word_1_383' title='bbox 1675 3909 1733 3987; x_wconf 70' lang='lat' dir='ltr'><strong>fi.</strong></span> 
     </span>
     <span class='ocr_line' id='line_1_37' title="bbox 114 3976 1733 4148; baseline 0.002 -85"><span class='ocrx_word' id='word_1_384' title='bbox 114 4004 228 4075; x_wconf 86' lang='lat' dir='ltr'><strong>tetur,</strong></span> <span class='ocrx_word' id='word_1_385' title='bbox 253 3990 376 4066; x_wconf 79' lang='lat' dir='ltr'><strong>hausit.</strong></span> <span class='ocrx_word' id='word_1_386' title='bbox 424 3986 464 4096; x_wconf 83' lang='lat' dir='ltr'><strong>ln</strong></span> <span class='ocrx_word' id='word_1_387' title='bbox 488 3985 647 4095; x_wconf 80' lang='lat' dir='ltr'><strong>margine</strong></span> <span class='ocrx_word' id='word_1_388' title='bbox 669 3978 977 4148; x_wconf 49' lang='lat' dir='ltr'><strong>sufflogrgmae</strong></span> <span class='ocrx_word' id='word_1_389' title='bbox 995 3996 1152 4082; x_wconf 52' lang='lat' dir='ltr'><strong>cujusvis</strong></span> <span class='ocrx_word' id='word_1_390' title='bbox 1172 3976 1244 4049; x_wconf 85' lang='lat' dir='ltr'><strong>solu</strong></span> <span class='ocrx_word' id='word_1_391' title='bbox 1264 3981 1403 4090; x_wconf 86' lang='lat' dir='ltr'><strong>pagioae</strong></span> <span class='ocrx_word' id='word_1_392' title='bbox 1428 4000 1572 4065; x_wconf 88' lang='lat' dir='ltr'><strong>notatur</strong></span> <span class='ocrx_word' id='word_1_393' title='bbox 1595 3997 1733 4083; x_wconf 72' lang='lat' dir='ltr'><strong>Distin.</strong></span> 
     </span>
     <span class='ocr_line' id='line_1_38' title="bbox 116 4076 1732 4187; baseline -0.003 -28"><span class='ocrx_word' id='word_1_394' title='bbox 116 4087 201 4168; x_wconf 82' lang='lat' dir='ltr'><strong>trio,</strong></span> <span class='ocrx_word' id='word_1_395' title='bbox 235 4111 267 4159; x_wconf 88' lang='lat' dir='ltr'><strong>e.</strong></span> <span class='ocrx_word' id='word_1_396' title='bbox 311 4078 516 4179; x_wconf 69' lang='lat' dir='ltr'><strong>,mureto</strong></span> <span class='ocrx_word' id='word_1_397' title='bbox 535 4078 670 4162; x_wconf 81' lang='lat' dir='ltr'><strong>Primo,</strong></span> <span class='ocrx_word' id='word_1_398' title='bbox 701 4100 739 4150; x_wconf 88' lang='lat' dir='ltr'><strong>tn</strong></span> <span class='ocrx_word' id='word_1_399' title='bbox 759 4098 805 4152; x_wconf 81' lang='lat' dir='ltr'><strong>av</strong></span> <span class='ocrx_word' id='word_1_400' title='bbox 909 4081 1029 4143; x_wconf 86' lang='lat' dir='ltr'><strong>autem</strong></span> <span class='ocrx_word' id='word_1_401' title='bbox 1045 4089 1196 4177; x_wconf 30' lang='lat' dir='ltr'><strong>‘pagmae</strong></span> <span class='ocrx_word' id='word_1_402' title='bbox 1223 4093 1384 4181; x_wconf 77' lang='lat' dir='ltr'><strong>margine</strong></span> <span class='ocrx_word' id='word_1_403' title='bbox 1414 4076 1513 4168; x_wconf 88' lang='lat' dir='ltr'><strong>sons,</strong></span> <span class='ocrx_word' id='word_1_404' title='bbox 1542 4111 1574 4162; x_wconf 75' lang='lat' dir='ltr'><strong>e.</strong></span> <span class='ocrx_word' id='word_1_405' title='bbox 1590 4115 1629 4187; x_wconf 76' lang='lat' dir='ltr'><strong>g,</strong></span> <span class='ocrx_word' id='word_1_406' title='bbox 1660 4096 1732 4179; x_wconf 58' lang='lat' dir='ltr'><strong>E„</strong></span> 
     </span>
     <span class='ocr_line' id='line_1_39' title="bbox 116 4109 1763 4338; baseline 0.002 -85"><span class='ocrx_word' id='word_1_407' title='bbox 116 4179 256 4276; x_wconf 79' lang='lat' dir='ltr'><strong>dyalog.</strong></span> <span class='ocrx_word' id='word_1_408' title='bbox 283 4109 407 4273; x_wconf 45' lang='lat' dir='ltr'><strong>&amp;rego</strong></span> <span class='ocrx_word' id='word_1_409' title='bbox 422 4212 471 4231; x_wconf 90' lang='lat'><strong>··-</strong></span> <span class='ocrx_word' id='word_1_410' title='bbox 489 4172 553 4248; x_wconf 81' lang='lat' dir='ltr'><strong>Ex</strong></span> <span class='ocrx_word' id='word_1_411' title='bbox 570 4172 668 4267; x_wconf 79' lang='lat' dir='ltr'><strong>uitas</strong></span> <span class='ocrx_word' id='word_1_412' title='bbox 684 4168 784 4338; x_wconf 44' lang='lat' dir='ltr'><strong>psit)</strong></span> <span class='ocrx_word' id='word_1_413' title='bbox 806 4176 952 4276; x_wconf 60' lang='lat' dir='ltr'><strong>passuro·</strong></span> <span class='ocrx_word' id='word_1_414' title='bbox 997 4161 1174 4272; x_wconf 40' lang='lat' dir='ltr'><strong>‚Smgulae</strong></span> <span class='ocrx_word' id='word_1_415' title='bbox 1197 4173 1398 4284; x_wconf 74' lang='lat' dir='ltr'><strong>paginaein</strong></span> <span class='ocrx_word' id='word_1_416' title='bbox 1422 4173 1512 4287; x_wconf 76' lang='lat' dir='ltr'><strong>duas</strong></span> <span class='ocrx_word' id='word_1_417' title='bbox 1535 4187 1731 4275; x_wconf 62' lang='lat' dir='ltr'><strong>column„</strong></span> <span class='ocrx_word' id='word_1_418' title='bbox 1755 4255 1763 4276; x_wconf 71' lang='grc'>,</span> 
     </span>
     <span class='ocr_line' id='line_1_40' title="bbox 116 4256 1732 4384; baseline 0.004 -33"><span class='ocrx_word' id='word_1_419' title='bbox 116 4276 282 4351; x_wconf 73' lang='lat' dir='ltr'><strong>diiiuetae</strong></span> <span class='ocrx_word' id='word_1_420' title='bbox 305 4273 396 4345; x_wconf 88' lang='lat' dir='ltr'><strong>sunt.</strong></span> <span class='ocrx_word' id='word_1_421' title='bbox 437 4267 665 4344; x_wconf 82' lang='lat' dir='ltr'><strong>Charatleres</strong></span> <span class='ocrx_word' id='word_1_422' title='bbox 701 4278 767 4337; x_wconf 87' lang='lat' dir='ltr'><strong>unt</strong></span> <span class='ocrx_word' id='word_1_423' title='bbox 789 4262 924 4358; x_wconf 78' lang='lat' dir='ltr'><strong>gothici</strong></span> <span class='ocrx_word' id='word_1_424' title='bbox 947 4257 1026 4366; x_wconf 70' lang='lat' dir='ltr'><strong>satus</strong></span> <span class='ocrx_word' id='word_1_425' title='bbox 1050 4256 1245 4368; x_wconf 75' lang='lat' dir='ltr'><strong>elegantes.</strong></span> <span class='ocrx_word' id='word_1_426' title='bbox 1301 4264 1459 4343; x_wconf 84' lang='lat' dir='ltr'><strong>iurnales</strong></span> <span class='ocrx_word' id='word_1_427' title='bbox 1480 4272 1619 4356; x_wconf 78' lang='lat' dir='ltr'><strong>litteras</strong></span> <span class='ocrx_word' id='word_1_428' title='bbox 1643 4313 1732 4384; x_wconf 71' lang='lat' dir='ltr'><strong>par.</strong></span> 
     </span>
     <span class='ocr_line' id='line_1_41' title="bbox 117 4350 1734 4495; baseline -0.007 -45"><span class='ocrx_word' id='word_1_429' title='bbox 117 4396 199 4461; x_wconf 80' lang='lat' dir='ltr'><strong>ras,</strong></span> <span class='ocrx_word' id='word_1_430' title='bbox 224 4370 435 4467; x_wconf 71' lang='lat' dir='ltr'><strong>signantes,</strong></span> <span class='ocrx_word' id='word_1_431' title='bbox 463 4362 520 4477; x_wconf 74' lang='lat' dir='ltr'><strong>de,</strong></span> <span class='ocrx_word' id='word_1_432' title='bbox 546 4372 588 4436; x_wconf 88' lang='lat' dir='ltr'><strong>ut</strong></span> <span class='ocrx_word' id='word_1_433' title='bbox 607 4385 653 4437; x_wconf 83' lang='lat' dir='ltr'><strong>ex</strong></span> <span class='ocrx_word' id='word_1_434' title='bbox 667 4357 767 4437; x_wconf 70' lang='lat' dir='ltr'><strong>dictis</strong></span> <span class='ocrx_word' id='word_1_435' title='bbox 780 4369 896 4458; x_wconf 81' lang='lat' dir='ltr'><strong>patet,</strong></span> <span class='ocrx_word' id='word_1_436' title='bbox 922 4371 1130 4457; x_wconf 76' lang='lat' dir='ltr'><strong>paginarum</strong></span> <span class='ocrx_word' id='word_1_437' title='bbox 1144 4350 1382 4453; x_wconf 75' lang='lat' dir='ltr'><strong>tusmptiones</strong></span> <span class='ocrx_word' id='word_1_438' title='bbox 1395 4376 1649 4495; x_wconf 53' lang='lat' dir='ltr'><strong>typographum⁸</strong></span> <span class='ocrx_word' id='word_1_439' title='bbox 1661 4390 1734 4467; x_wconf 54' lang='lat' dir='ltr'><strong>gg,</strong></span> 
     </span>
    </p>
   </div>
   <div class='ocr_carea' id='block_1_5' title="bbox 0 0 1829 4964">
    <p class='ocr_par' dir='ltr' id='par_1_5' title="bbox 0 0 1829 4964">
     <span class='ocr_line' id='line_1_42' title="bbox 0 0 1829 4964; baseline 0 0"><span class='ocrx_word' id='word_1_440' title='bbox 0 0 1829 4964; x_wconf 95' lang='lat' dir='ltr'><strong> </strong></span> 
     </span>
    </p>
   </div>
  </div>
 </body>
</html>
