3644 4964
256 401 314 478 50.
347 376 557 457 Tradalnlrrs
574 375 753 479 bipartitus
773 378 814 454 de
834 379 969 455 decimis
993 417 1032 439 -·
1050 402 1115 477 per
1136 375 1298 454 Coarndri
1319 377 1531 459 Summiiari
1555 381 1718 462 diculus

74 520 119 542 -·
156 478 337 575 Tubiugae
354 520 389 534 -
418 478 522 554 Arno
538 478 600 552 deii
623 481 673 556 N.
690 503 787 555 cccc.
802 477 913 575 xcvii.
928 502 989 575 prr
1003 477 1138 553 eundem
1153 476 1349 577 disparaturus.
1373 481 1411 556 in
1434 480 1512 557 Fol.
1554 482 1718 564 Charaii.

112 580 197 656 oth.
233 602 318 655 cum
349 575 476 675 figunt.
507 576 547 654 bt
578 602 677 655 num.
710 577 784 654 foll.
817 600 959 657 roman,
990 576 1064 655 fine
1095 576 1227 652 custod.
1264 650 1267 655 ,
1293 577 1397 655 Folio
1421 578 1522 654 verso
1541 580 1718 665 XXXIX.

125 675 316 755 rodolarius
329 717 367 735 -
388 673 566 776 Impreffus
582 717 622 762 ,e-
639 678 675 751 irr
695 716 733 731 -·
752 675 935 771 Hcgmuw
948 699 1013 772 per
1036 674 1219 750 Hearicum
1238 670 1337 750 Gran
1350 676 1436 775 finit
1444 677 1598 776 feliciter
1613 680 1722 756 Anno

73 778 198 878 saluii
234 777 338 875 nolite
363 779 436 890 posi
467 774 555 848 mille
568 797 668 850 rmum
700 786 861 872 qaatnqg
892 773 1083 870 centefimag
1115 773 1357 872 aonagrfimrm
1375 772 1554 877 septimum
1581 779 1637 878 ipio
1664 778 1721 855 dir

76 874 220 956 Bricii.
271 870 429 951 Accedit
451 873 565 988 indere
588 872 870 987 conclusionum.
896 870 1005 948 Deris
1025 868 1193 988 ⁸Suppicm.
1215 895 1297 971 pag.
1315 894 1400 1045 ᾗς).

75 1072 207 1150 ι...
230 967 1224 1185 itt·,illisitlillibitalllill.
1233 969 1487 1184 ..libbi
1500 974 1726 1193 “balb
1807 1154 1818 1165 ,

79 1163 605 1366 atlantiades.
621 1164 1593 1378 'la,la-..llataetartacitae
1619 1171 1726 1347 lta

77 1369 128 1445 in
149 1364 228 1444 Fol.
281 1363 413 1442 Omnia
432 1387 553 1460 graece
576 1387 660 1442 curn
678 1365 910 1441 dedicatione
925 1361 1039 1444 launa
1062 1360 1148 1439 Aldr
1161 1363 1317 1438 Manutri
1339 1366 1386 1440 ad
1401 1363 1594 1442 Albertum
1615 1368 1724 1446 Pium

83 1465 305 1562 Principem
329 1462 558 1560 carpensem.
610 1463 705 1540 Cum
725 1461 852 1560 signat.
876 1461 915 1538 bt
937 1461 1098 1539 numeris
1116 1460 1288 1538 foliorum
1308 1458 1455 1559 (quiin
1473 1461 1727 1564 fingulieope·

81 1566 199 1643 ribus
228 1561 274 1638 ab
305 1586 335 1636 1.
364 1561 572 1662 incipiunt)
595 1585 663 1637 nec
688 1587 763 1637 non
793 1559 927 1636 custod.
981 1558 1056 1636 -Ad
1082 1559 1219 1636 calcem
1241 1561 1479 1658 Theophrasti
1502 1563 1728 1665 Metaphysr·

82 1685 226 1739 corum
275 1659 327 1734 ost
351 1659 539 1755 registrum
564 1660 774 1736 chartarum
800 1659 966 1734 omnium
989 1658 1119 1733 borum
1143 1680 1294 1752 operum
1323 1659 1477 1755 legitur:
1519 1658 1726 1761 Excrip'tum

88 1756 188 1861 (stc)
251 1759 363 1832 meliis
382 1761 418 1832 ia
445 1757 543 1831 domo
562 1756 653 1836 Atii
675 1758 831 1859 Munatii
852 1755 985 1832 Calidis
1005 1752 1125 1860 fflnii.
1141 1753 1205 1860 ..M
1222 1754 1297 1833 III.
1316 1755 1365 1833 D.
1391 1757 1441 1832 Et
1460 1760 1505 1833 ia·
1518 1756 1579 1833 loc
1597 1748 1726 1859 ipctrn·

85 1863 146 1937 tri.
172 1860 256 1956 estu
279 1855 421 1930 dominis
439 1854 576 1932 Venetis
591 1855 682 1953 qaod
702 1857 854 1932 lectoris
879 1855 996 1950 nostris
1015 1875 1123 1949 grace
1143 1855 1275 1955 ipreffis.
1325 1855 1434 1935 Conf.
1458 1853 1604 1935 Clamant
1618 1849 1726 1941 Tom.

90 1957 142 2036 ΙΙ.
168 1978 250 2053 pag.
268 1979 328 2048 pr.
351 1955 445 2068 seqq.
468 1955 505 2030 bt
526 1954 574 2068 N
600 1976 656 2068 ³?·
682 1955 730 2070 ad
753 1964 973 2069 annuens.
998 1946 1036 2030 tr
1059 1953 1106 2067 Ν.
1128 1977 1187 2067 .¹¹·
1212 1954 1260 2031 ad
1283 1952 1319 2030 h.
1337 1975 1371 2031 a.
1403 2053 1411 2070 .
1564 2055 1573 2073 ο
1650 2055 1658 2072 ι

93 2048 757 2264 aa.‚riulilltll'tlllilt
777 2048 1140 2263 illitati}
1154 2049 1727 2239 llaliltltlttltlllt

91 2246 316 2335 lenioribus
338 2248 382 2332 L.
399 2247 426 2328 1.
445 2249 494 2325 de
515 2250 692 2330 memoria
715 2248 753 2326 dt
775 2246 1036 2328 reminiscentia
1054 2247 1096 2322 L.
1113 2249 1139 2324 Ι.
1162 2245 1209 2325 de
1227 2246 1408 2325 somno&
1429 2249 1565 2346 vigilia.
1595 2250 1675 2328 Lib.
1696 2248 1724 2326 Ι.

91 2347 147 2426 de
171 2347 318 2425 somniis
341 2347 426 2427 L.L
451 2348 497 2422 de
518 2347 742 2423 divinatione
766 2369 831 2444 per
855 2345 1034 2423 somnium
1064 2346 1104 2420 L.
1125 2344 1151 2420 1.
1176 2344 1224 2420 de
1246 2359 1351 2422 motu
1372 2347 1606 2431 animalium..
1632 2348 1675 2425 L.
1697 2347 1724 2426 Ι.

91 2445 149 2527 de
175 2445 410 2540 generatione
429 2445 644 2530 animalium
668 2444 767 2525 Libri
788 2444 833 2525 V.
856 2445 904 2521 de
925 2442 1154 2540 longitudine
1183 2443 1222 2520 bc
1246 2444 1424 2523 brevitate
1450 2447 1539 2525 vitae
1569 2447 1611 2525 L.
1632 2448 1658 2539 Ι.
1678 2447 1726 2522 de

91 2543 289 2648 juventute
312 2543 353 2627 „bt
375 2543 574 2632 seneiiute,
598 2543 854 2642 respiratione,
880 2542 974 2627 vita,
1001 2541 1040 2620 bt
1062 2550 1195 2623 morte,
1246 2542 1302 2617 De
1323 2540 1462 2640 Spiritu
1488 2543 1531 2621 L.
1547 2543 1573 2620 Ι.
1593 2543 1641 2620 de
1664 2568 1728 2620 co·

113 2642 240 2719 oribus
263 2640 343 2721 Lib.
368 2641 395 2716 l.
420 2641 781 2739 Physrguonricorum
807 2643 850 2717 L.
865 2641 891 2719 Ι.
913 2642 960 2717 de
975 2639 1198 2719 admirandis
1222 2639 1480 2723 auditionibus,
1530 2643 1586 2718 De
1602 2642 1727 2718 Xeno·

99 2739 252 2839 phanis,
276 2738 455 2824 Zenonis,
482 2741 692 2835 &Gorgiae
717 2740 957 2836 dogmatibus.
1009 2733 1199 2815 Accedunt
1235 2735 1446 2839 lireopiroflr'
1476 2741 1522 2816 de
1554 2740 1723 2837 piscibus.

101 2837 151 2913 de
177 2838 374 2933 vertigine,
409 2839 455 2914 de
483 2835 765 2923 laffltudinibus,
805 2838 851 2919 de
878 2835 1075 2922 odoribus,
1112 2836 1159 2911 de
1190 2834 1376 2915 sudoribus
1411 2837 1490 2913 libri
1519 2837 1726 2933 singulares

101 2937 178 3013 Hic
202 2935 330 3011 titulus
356 2957 476 3033 graece
498 2949 643 3014 tanturn
662 2937 717 3012 est
743 2960 764 3009 o
792 2937 842 3011 eri
870 2933 1054 3033 praefixus.
1086 2934 1122 3010 in
1146 2932 1221 3009 Fol.
1281 2934 1414 3010 Omnia
1445 2957 1567 3031 graeca
1593 2951 1727 3034 praeter

102 3035 370 3115 dedicationem
391 3032 482 3116 Aldi
508 3037 662 3117 Nanutii
684 3036 732 3115 ad
753 2959 948 3117 leertum
978 3032 1086 3111 Pium
1115 3032 1320 3147 Principem
1350 3034 1576 3132 Carpenietn.
1628 3036 1724 3112 Cum

102 3131 226 3229 signat.
250 3132 383 3208 custod.
406 3131 443 3208 br
469 3157 568 3209 nuru.
594 3134 671 3214 foll.
692 3137 741 3210 ab
761 3157 793 3212 1.
817 3136 866 3215 ad
891 3155 975 3229 457.
997 3132 1231 3209 continuans.
1282 3131 1386 3208 Folio
1408 3132 1506 3210 verso
1521 3150 1607 3231 457,
1631 3155 1727 3232 grae·

104 3227 1231 3431 staciturnitatem‘affinitati‘
1250 3226 1562 3406 littura}
1576 3232 1631 3407 a·
1648 3230 1727 3408 ll
1793 3267 1802 3273 ’

103 3385 180 3503 non
197 3426 399 3503 numeratis
412 3428 505 3503 liber
521 3428 567 3505 X.
588 3356 780 3505 Histoiiagu
778 3427 990 3504 animalium
1015 3448 1152 3521 graece,
1180 3385 1287 3524 ciuem
1303 3449 1366 3523 per
1383 3428 1588 3523 fragmenta
1637 3426 1728 3509 heo·

104 3525 216 3602 donas
236 3525 338 3602 Gaza
361 3527 399 3601 iu
419 3529 597 3624 prooemio
619 3528 666 3602 de
688 3524 921 3610 animalibus,
945 3525 984 3599 in
1015 3548 1089 3599 non
1117 3523 1228 3599 nullis
1261 3525 1450 3601 codicibus
1481 3524 1630 3623 reperiri
1656 3526 1727 3611 ait,

105 3623 212 3701 Teste
237 3619 334 3700 Aldo
362 3623 450 3740 folio
473 3640 505 3711 8.
541 3624 662 3739 ‘Confi
687 3622 813 3699 Humi.
842 3622 882 3698 P.
899 3623 924 3698 Ι.
952 3643 1035 3717 pag.
1054 3629 1135 3705 nug.
1167 3618 1321 3736 Clemens.
1342 3622 1382 3698 Τ.
1395 3622 1437 3734 Ν.
1457 3644 1538 3735 pag.
1557 3641 1614 3717 93.
1632 3622 1727 3737 leqq.

108 3714 1729 3930 a..a..aaaa,natantianatantiasaltata

106 3918 245 3994 auriolo
264 3929 399 3993 occentu
415 3931 545 3994 mutant
558 3920 790 4022 fignistcotrtm
806 3931 868 3995 rie.
916 3915 1118 3994 Ammonius
1138 3913 1179 3989 de
1199 3912 1388 4013 differentia
1403 3912 1578 3990 diiironam
1590 3940 1655 4013 prr
1669 3916 1729 3993 lit·

106 4029 255 4092 terarum
271 4016 419 4092 ordinem
440 4016 547 4094 Vetus
570 4018 733 4121 instraiiio
755 4030 786 4094 et
803 4016 1059 4095 denominandos
1078 4011 1265 4112 prusciioa
1290 4014 1401 4089 mitat
1420 4026 1479 4089 erc.
1526 4012 1625 4090 Arno
1647 4013 1730 4091 Ma·

108 4115 214 4194 dutio
236 4115 395 4201 editore,
421 4113 526 4213 cujus
551 4117 704 4215 praelixa
730 4116 779 4194 est
800 4115 966 4212 praefatio
986 4114 1050 4209 ad„
1067 4135 1197 4189 omnes
1224 4110 1408 4189 studiolos.
1435 4110 1515 4187 Fol.
1566 4113 1730 4191 Charaii.

153 4235 276 4300 aecus,
301 4213 340 4292 &
362 4212 501 4291 latinus
522 4215 691 4309 elegans,
720 4239 803 4292 cum
818 4214 942 4312 fignat.
967 4209 1053 4288 A-
1067 4211 1110 4288 0.
1131 4210 1169 4290 &
1191 4235 1264 4309 p·
1278 4223 1303 4287 t.
1324 4209 1397 4294 stne
1419 4209 1555 4289 custod.
1571 4210 1609 4289 bt
1630 4236 1730 4288 num.

75 4324 86 4350 ⁸
124 4312 184 4387 oll.
249 4309 312 4388 Ad
334 4312 472 4388 calcem
494 4311 632 4408 registri
651 4315 875 4397 chartarum:
904 4310 1051 4389 lsrartiis
1070 4310 1105 4384 ia
1132 4306 1258 4408 adibus
1279 4307 1371 4388 Aldi
1391 4307 1555 4384 Munatii.
1586 4306 1733 4385 Romani

110 4407 293 4486 Decembri
312 4409 418 4507 mense
442 4407 498 4496 M.
519 4405 632 4488 1110.
664 4411 716 4487 Er
733 4413 769 4487 in
785 4410 846 4487 iroc
864 4410 954 4508 quod
971 4411 1006 4484 ia
1026 4410 1151 4485 tuteris
1170 4408 1288 4509 rosiris
1313 4404 1357 4485 ob
1380 4405 1435 4487 lii.
1455 4403 1612 4485 Senatu
1638 4406 1733 4486 Vx·

105 4522 201 4587 ueto
222 4504 401 4612 coacrffum
419 4504 526 4587 nola.
571 4508 680 4589 Coni.
698 4507 757 4587 De
777 4509 873 4589 Bere
891 4507 981 4588 Beli.
1006 4503 1118 4597 Lettr,
1144 4531 1179 4587 n.
1205 4526 1315 4604 2225,

1472 4620 1532 4702 54.
1561 4570 1686 4679 Corne·
