3644 4964
534 950 1283 1165 PRAEuAr-ro

97 1357 218 1590 Jam
244 1480 334 1554 tres
357 1452 453 1550 sere
479 1457 581 1550 anni
608 1457 830 1566 abierunt,
860 1482 916 1550 ex
933 1460 1022 1579 quo
1039 1458 1215 1549 tertium
1239 1455 1367 1546 huius
1390 1455 1537 1571 operis
1557 1457 1717 1550 biblio·

94 1581 293 1696 graphici
314 1572 565 1667 fasciculum
585 1577 720 1665 edidi.
782 1572 998 1683 Quartus,
1025 1573 1144 1691 isque
1162 1573 1361 1678 ultimus,
1394 1599 1509 1660 nunc
1533 1576 1719 1689 primum

93 1697 303 1814 sequitur.
363 1689 521 1780 Tantae
543 1718 677 1780 morae
701 1717 791 1781 non
821 1718 906 1780 una
931 1687 1015 1779 suit
1041 1686 1178 1779 causa.
1237 1685 1384 1782 Primo
1420 1691 1536 1777 eninr
1569 1717 1719 1780 nume·

92 1838 170 1903 rus
193 1810 447 1913 librorum,
469 1806 543 1922 qui
569 1806 613 1894 in
643 1808 730 1895 hoc
757 1832 845 1894 uno
879 1802 1089 1896 fasciculo
1117 1802 1293 1894 fuerant
1315 1801 1589 1907 recensendi,
1627 1829 1719 1895 tan·

92 1945 169 2017 tur
194 1943 310 2031 erat,
344 1941 630 2011 utnumerum
649 1922 880 2026 librorum,
910 1923 1042 2039 quiin
1057 1922 1194 2009 tribus
1216 1918 1719 2035 praecedentibusFasci·

94 2041 211 2131 culis
239 2038 358 2126 srmul
382 2033 560 2151 sumptis
588 2035 788 2123 recensiti
810 2033 926 2142 sunt,
956 2065 1044 2126 non
1071 2055 1315 2153 exaequaret
1339 2054 1528 2141 tantum,
1554 2060 1719 2141 ‚verum

92 2157 231 2244 etiam
254 2149 486 2268 superaret.
548 2152 637 2248 ado
655 2151 815 2268 Exquo
836 2152 1022 2265 prirnum
1047 2151 1173 2239 huius
1192 2149 1340 2266 operis
1358 2147 1609 2240 fasciculum
1629 2153 1720 2240 edi·

92 2269 167 2372 di,
199 2269 345 2383 plures
366 2266 739 2361 Bibliothecarum
761 2261 957 2380 presedil
983 2267 1120 2355 libros
1143 2264 1313 2354 Saeculo
1343 2263 1445 2358 XV.
1471 2263 1718 2381 impressos,

92 2381 264 2517 suisque
282 2383 326 2469 in
343 2379 634 2482 Bibliothecls
660 2381 883 2468 latitantes
901 2406 1053 2492 magna
1071 2407 1174 2469 cura
1191 2378 1533 2496 conquisierunt,
1566 2383 1610 2470 &
1627 2409 1720 2471 non

92 2500 206 2590 nullr
223 2497 398 2612 quidem
419 2496 601 2585 eosdem
622 2496 828 2583 adcurate
849 2490 1143 2611 descriptosin
1158 2496 1305 2582 lucem
1321 2496 1566 2592 ediderunt.
1621 2495 1720 2586 Ho-

93 2640 193 2704 rum
221 2611 552 2700 lucubrationes
576 2637 600 2698 a
629 2636 700 2698 me
723 2606 910 2729 sollicite
935 2606 1204 2727 conq‘uisrtae,
1245 2607 1290 2696 uc
1317 2610 1546 2722 diligenter
1575 2615 1719 2727 perlu-

95 2728 235 2818 stratac
260 2752 456 2838 magnam
476 2725 578 2813 huic
604 2727 731 2841 operi
754 2721 1074 2839 perfectionem
1099 2725 1401 2812 conciliarunt.
1459 2725 1719 2819 Breviorem

96 2843 256 2949 etiam,
293 2842 348 2929 iis
379 2840 664 2954 perlustratis,
704 2840 750 2927 in
780 2861 934 2954 quarto
973 2842 1060 2928 hoc
1088 2835 1296 2929 fasciculo
1325 2836 1408 2928 else
1432 2840 1539 2928 mihi
1571 2842 1718 2949 licuit,

95 2985 201 3046 cum
236 2951 532 3062 observarem,
578 2974 746 3070 partem
782 2956 1012 3045 maximam
1045 2955 1277 3061 librorum,
1317 2982 1428 3087 quos
1463 2953 1718 3046 Fasciculus

94 3071 177 3162 iste
202 3070 425 3178 continet,
451 3069 541 3180 jam
574 3071 627 3158 ab
666 3071 764 3158 aliis
794 3071 1001 3161 adcurate
1035 3067 1290 3186 descriptam
1325 3067 1459 3159 luille.
1524 3068 1718 3164 Demum

133 3186 244 3275 uarti
260 3185 387 3276 huius
406 3181 602 3274 fasciculi
618 3185 757 3274 editio
783 3183 1020 3277 differenda
1039 3188 1204 3277 tamdiu
1223 3186 1330 3275 mihi
1352 3185 1442 3276 visa
1459 3188 1540 3294 est,
1573 3191 1718 3279 donec

95 3215 404 3398 pisciculorum
428 3301 768 3416 pracedentium
791 3303 1057 3417 exemplaria
1113 3305 1291 3420 leraque
1313 3300 1445 3391 client
1476 3305 1716 3395 divendita.

95 3415 213 3504 Cum
234 3416 352 3505 enim
377 3441 582 3531 operum,
618 3440 731 3533 quae
753 3417 806 3504 ad
828 3414 1046 3504 historiam
1078 3415 1257 3533 pesiant
1276 3418 1552 3526 litterariam,
1585 3441 1719 3535 atque

92 3529 312 3646 imprimis
339 3531 394 3618 ad
421 3529 784 3647 bibliographiam
807 3530 1127 3647 antiquarium,
1150 3532 1279 3646 pauci
1309 3530 1520 3638 ledlores,
1562 3532 1608 3622 st
1642 3535 1719 3625 vel

92 3645 202 3736 ideo
236 3643 369 3735 etiam
400 3644 530 3760 pauci
555 3663 777 3763 emptores
799 3643 898 3752 sint,
938 3645 1179 3735 timendum
1211 3645 1325 3735 haud
1362 3647 1439 3734 abs
1474 3643 1718 3754 resumat,

93 3785 156 3851 ne
182 3757 486 3867 cumlabore,
511 3785 641 3877 quem
659 3757 846 3878 publice
859 3759 1078 3864 utilitatis,
1100 3787 1190 3847 non
1208 3760 1318 3848 lucri
1339 3755 1475 3866 causa,
1497 3760 1652 3850 lubens
1671 3762 1718 3854 in

93 3899 170 3965 me
190 3868 379 3989 suscepi,
408 3871 602 3991 sumptus
634 3876 769 3963 etiam
799 3872 844 3964 in
863 3874 1011 3992 operis
1033 3875 1274 3963 editionem
1300 3875 1479 3991 impensi
1508 3876 1715 3992 perirent.

90 3985 365 4079 Timendum
388 4014 449 4077 eo
470 3991 607 4104 magis
630 3989 675 4078 id
696 3984 862 4098 suerat,
891 3992 1010 4107 quod
1036 3991 1123 4079 viri
1138 4016 1228 4078 uon
1245 3991 1376 4096 nulli,
1397 3990 1577 4082 litterati
1604 3987 1742 4082 scili?

93 4122 192 4209 cet,
221 4103 360 4212 clam,
389 4103 526 4193 immo
551 4105 695 4221 palam
716 4099 942 4194 infaciem
965 4105 1071 4194 mihi
1096 4108 1315 4212 dicerent,
1341 4105 1456 4195 haud
1486 4103 1528 4195 se
1556 4105 1718 4223 perspi·

93 4241 221 4324 cere,
259 4241 337 4305 cur
367 4216 412 4307 in
444 4243 557 4334 opus
586 4217 806 4331 ejusmodi
839 4237 1008 4310 tantum
1030 4221 1217 4326 laboris,
1253 4240 1490 4338 tantosque
1522 4218 1715 4339 sumptus

91 4330 411 4450 impenderim,
439 4357 493 4422 ex
517 4358 605 4452 quo
633 4351 708 4421 aut
731 4335 873 4439 nulla,
903 4355 980 4423 aut
1008 4337 1164 4449 exigua
1190 4336 1424 4424 admodum
1440 4336 1489 4425 in
1512 4340 1715 4451 rempub·

85 4448 226 4545 licam
246 4441 503 4541 litterariam
533 4448 770 4545 commoda
794 4448 1104 4686 reppndareut.
1155 4448 1245 4544 Sed
1269 4449 1363 4564 his,
1388 4449 1419 4565 si
1440 4447 1604 4571 superis
1624 4453 1716 4565 pla·

826 4660 829 4665 .
929 4587 963 4673 ².
1562 4587 1661 4676 cet,

610 4702 623 4741 l
