3644 4964
532 324 536 331 Ι
698 366 878 463 ANNO
947 386 1139 484 1489.

107 568 151 659 1.
183 562 238 659 Ia
262 564 343 655 icoc
367 562 584 655 uolumina
604 562 732 653 labes
752 559 1017 676 summulam
1039 558 1220 653 Nicolai
1243 566 1295 654 aa
1323 565 1500 657 arbustis
1523 592 1610 658 aaa
1635 594 1728 658 cam

224 689 349 769 texta
366 671 485 767 Patri
514 673 710 792 hispani:
738 676 887 765 deinde
903 675 1050 794 paffas
1077 673 1267 791 Fraaisci
1291 681 1539 797 maprnaic:
1567 682 1613 770 sl
1638 683 1730 772 tria
1804 758 1807 763 .

219 789 443 911 principia
467 786 657 901 Antoaij
679 801 825 879 aatrec
851 790 897 879 sl
913 791 1217 899 formalitatcs
1243 789 1402 883 annea
1418 796 1463 885 8
1479 791 1623 885 Scuti:
1655 822 1728 884 nea

105 925 111 935 ·
211 902 316 995 ‘aaa'
330 900 546 1013 fallacias
568 898 713 1017 saulis
755 899 911 991 licome
932 930 984 995 ac
1011 898 1246 993 trablatum
1271 908 1322 994 aa
1350 920 1441 997 cate
1470 908 1564 997 &a
1598 909 1727 999 entia.

228 1028 268 1107 cl
298 1012 544 1134 impreffam
569 1015 749 1104 uenatiis
774 1042 855 1133 par
878 1014 1200 1107 Beraaraiiaam
1224 1020 1274 1107 aa
1303 1018 1449 1111 aluric
1478 1021 1530 1109 da
1589 1046 1739 1113 rema·

226 1128 356 1333 palli
382 1128 556 1264 simoni
588 1128 639 1218 aa
667 1122 830 1227 Lucra,
891 1126 979 1220 Dic
1006 1134 1057 1245 γ’
1085 1126 1234 1245 meufis
1263 1134 1488 1238 acoaibris,
1517 1135 1649 1248 1489,
1680 1133 1728 1225 in

268 1270 461 1333 o.m1n.

266 1452 410 1539 Verba,
436 1474 518 1552 quiae
540 1452 686 1533 recimvi
719 1455 818 1533 tituli
849 1454 951 1539 loco,
972 1455 1139 1551 leguntur
1161 1456 1348 1553 subscripta
1368 1456 1406 1533 in
1430 1456 1501 1532 line
1523 1456 1730 1544 voluuninis,

106 1549 212 1724 ffiod
231 1549 378 1646 gothico
398 1550 600 1628 chasattere
624 1554 663 1628 iu
697 1555 835 1630 duabus
867 1554 1045 1628 columnis
1066 1553 1246 1649 praestann·
1279 1556 1416 1629 chartae
1438 1555 1639 1650 impressum
1667 1554 1730 1634 est.

175 1652 236 1724 bet
255 1646 410 1725 initiales
430 1647 569 1726 litteras
589 1671 736 1746 parvas,
760 1652 974 1748 paginarum
994 1648 1257 1748 inscriptiones,
1280 1650 1318 1729 δι
1346 1650 1539 1748 signaturas
1555 1666 1654 1727 caret
1667 1674 1730 1729 ue·

106 1767 157 1825 ro
174 1743 374 1822 custodibus
391 1741 430 1821 &
449 1746 660 1844 paginamm
679 1749 852 1828 numeris.

108 1993 453 2117 sumanus
497 2001 543 2091 si
587 2002 825 2118 phitonicos
858 2003 1111 2093 mulieribus
1155 1998 1379 2093 Talaioniae
1415 2004 1628 2096 unicolam
1664 2001 1732 2092 vel

232 2112 379 2203 amen.
437 2113 670 2203 'frustatus
702 2121 756 2205 ad
787 2118 1099 2226 Sigilmundum
1127 2118 1422 2207 Archiducem
1447 2121 1629 2208 Aullriae
1654 2142 1733 2230 per

232 2228 412 2316 modum
458 2228 686 2346 Colloquii
735 2231 848 2319 inter
892 2234 1078 2321 eundem
1126 2230 1438 2343 sigismundum
1483 2234 1733 2320 conradum

101 2386 135 2499 p
229 2339 416 2447 Sobata,
454 2342 571 2431 urbis
603 2342 935 2433 Constantienfis
968 2344 1218 2447 Praetorem,
1262 2343 1307 2431 &
1329 2341 1549 2433 auuorem
1584 2344 1732 2457 operis

72 2528 79 2539 .
233 2452 433 2543 Utricum
470 2455 699 2547 Molitoris
730 2453 1119 2560 Constantiensem‚
1164 2454 1451 2544 Decretorum
1491 2455 1734 2544 Dostorem

236 2564 512 2683 Pupiensem,
560 2570 605 2658 &
636 2573 681 2661 iu
719 2572 838 2661 curia
885 2571 1193 2660 constantiensi
1230 2566 1447 2659 causarum
1483 2569 1735 2669 Patruuum,

238 2683 374 2773 Anno
408 2709 536 2798 1439,
576 2685 622 2772 in
650 2714 694 2799 4.

280 2877 372 2964 Quae
394 2877 489 2955 tituli
510 2878 593 2956 loco
617 2879 783 2968 recitavi,
811 2880 922 2958 verba
948 2879 1114 2975 leguntur
1140 2876 1177 2951 in
1208 2874 1323 2975 prima
1359 2876 1462 2972 prImi
1490 2876 1565 2952 solii
1595 2875 1734 2974 pagina.

116 2966 260 3048 Aaou
283 2973 448 3069 ejusdem
490 2978 594 3074 agina
613 2978 809 3072 imaginem
830 2978 978 3055 exhibet
996 2978 1097 3073 ligno
1120 2974 1283 3062 incitam,
1308 2995 1378 3073 qua
1400 2976 1453 3049 vir
1473 2976 1591 3069 gravis
1606 2994 1737 3069 reprae·

118 3067 278 3144 sentitur
302 3070 426 3147 sedens
450 2998 651 3169 {virgam
672 3073 730 3149 seu
752 3074 918 3152 baculum
945 3096 1055 3151 manu
1080 3090 1227 3168 utraque
1256 3086 1381 3148 tenens
1405 3071 1622 3149 adstantibus
1647 3069 1738 3143 duo·

119 3166 193 3243 bus
210 3165 505 3256 adolescentibus,
531 3194 685 3267 quorum
702 3172 793 3249 alter
815 3172 946 3249 librum
967 3184 1132 3267 apertum
1151 3172 1316 3246 manibus
1336 3182 1447 3243 tenet
1497 3168 1526 3244 F
1526 3170 1597 3244 olio
1619 3166 1739 3243 secun·

123 3261 175 3337 do
204 3258 377 3339 Tradatos
400 3264 529 3345 adisse
554 3268 709 3368 affimant
721 3271 903 3365 principem
913 3266 993 3343 lirim
1005 3266 1046 3345 Si
1070 3265 1221 3365 amandi
1235 3266 1303 3342 &u
1325 3266 1467 3363 incipit,
1495 3266 1639 3360 gothico
1655 3263 1741 3340 cha·

123 3357 484 3473 utterejmpreffus,
505 3272 555 3441 ἒ
566 3364 674 3441 vadis
697 3364 821 3461 liguris
839 3365 937 3460 ligno
957 3293 1091 3452 incisfs,
1116 3364 1280 3459 sagatum
1293 3362 1485 3459 praetensas
1498 3376 1593 3473 aptes
1609 3381 1743 3473 reprae·

124 3454 363 3546 sanantibus,
391 3459 601 3559 demrpatus
621 3461 760 3560 potius,
790 3483 899 3558 quam
922 3474 1078 3537 ornatus.
1141 3460 1275 3535 Desunt
1303 3459 1485 3545 custodes,
1515 3481 1674 3542 numen,
1703 3454 1742 3531 ἀ

125 3552 411 3654 inscriptionesp
457 3559 466 3575 '
602 3582 706 3641 ,nec
728 3582 801 3634 non
821 3557 964 3632 initialis
984 3557 1101 3633 littera
1122 3555 1287 3653 Epistolae
1308 3554 1459 3630 austoris
1483 3556 1530 3630 ad
1548 3552 1742 3647 Sigismun·

128 3651 231 3728 dum.
279 3651 321 3735 ln
340 3652 412 3728 fine
456 3656 549 3731 sevis
573 3655 702 3749 legitur
724 3654 873 3731 austoris
888 3652 1060 3749 Epilogus
1073 3652 1122 3731 ad
1135 3654 1308 3734 eundem,
1343 3650 1485 3746 scriptus
1503 3648 1567 3724 Ex
1591 3646 1742 3748 Conslaai.

131 3772 220 3825 aaao
241 3745 313 3825 aas.
336 3774 380 3825 m.
396 3775 478 3826 cccc.
495 3749 639 3829 lxxxix.
665 3749 862 3825 diedecima
885 3751 1044 3845 ianuarii.
1072 3771 1155 3825 cum
1176 3746 1421 3844 subscriptione

414 3843 487 3921 Tuo
508 3844 593 3947 (sic)
615 3845 824 3940 celfituaeiiais.
850 3844 982 3922 sumitis
1009 3845 1175 3942 cistliari’
1200 3841 1240 3920 &
1276 3843 1411 3951 nauita
1463 3922 1468 3934 ,

413 3942 549 4019 iliciana
585 3937 749 4021 molitoris
778 3943 819 4020 da
848 3943 1006 4041 conflatio
1044 3940 1199 4035 decretou
1255 3936 1342 4013 oiior
1373 3958 1406 4017 tt

134 4034 285 4117 Videtur
305 4035 393 4115 mihi
411 4040 581 4117 trastatus
606 4042 667 4118 iste
689 4042 818 4117 eodem
839 4065 932 4118 anuo
953 4038 1049 4137 typis
1071 4037 1166 4113 stille
1189 4036 1359 4123 excusus,
1378 4055 1448 4132 quo
1463 4030 1608 4131 scriptus
1622 4033 1673 4113 est
1684 4034 1746 4114 iste

135 4135 319 4235 prologus·
366 4137 422 4217 De
437 4139 661 4239 typographo
683 4154 824 4229 autem,
854 4136 893 4220 δι
915 4136 996 4216 loco
1015 4134 1245 4257 imptesbom‘s
1263 4135 1352 4213 nihil
1377 4130 1489 4214 austm
1512 4129 1698 4212 affirmare.

1610 4520 1698 4613 111.
