3644 4964
102 144 185 231 150
742 94 1063 221 ἐξ

103 318 129 391 u
152 301 388 406 quaternionis
413 298 481 379 BB
513 296 650 377 ,nerone
663 298 809 397 feliciter
829 303 994 400 sermones
1015 301 1126 379 dormi
1141 301 1256 401 secure
1278 306 1320 382 de
1341 305 1467 405 fiendis
1494 308 1626 413 Bufisee
1653 316 1725 393 im.

99 410 196 513 preffl
208 404 312 481 Auno
326 400 461 475 domiui.
485 398 541 476 M.
555 426 634 472 cccc.
652 396 795 475 [xxxix.
818 404 853 475 in
874 402 995 497 vigisio
1016 399 1139 478 Petris
1157 401 1263 477 Pausi
1279 405 1460 502 opoflosoa
1509 408 1721 508 Insequen-

75 522 78 527 '
104 509 152 581 tis
172 504 246 579 solii
266 501 378 599 prima
399 497 529 593 pagina
552 494 671 591 Incipit
703 494 831 571 Tubulo
851 520 933 592 quae
951 497 1001 571 est
1027 498 1249 594 alphabetica
1261 501 1510 589 materiarum,
1532 502 1572 583 dt
1591 508 1631 583 in
1648 510 1725 605 pri.

104 626 166 681 ma
188 600 351 675 columna
367 594 447 671 solii
466 592 604 688 septimi
617 592 780 671 ‘fasciculi
794 594 856 672 CC
879 593 1089 671 terminatur
1110 592 1183 672 sme
1201 595 1275 676 uta
1292 595 1549 697 subscriptione.

104 883 225 975 iu.
257 880 431 971 Baverii
464 878 519 965 de
543 874 739 965 Baveriis
766 875 1002 964 Medicinae
1026 874 1238 967 Dosioris
1268 873 1341 966 sua
1365 880 1493 969 etate
1521 884 1722 975 celeber·

217 997 326 1085 rimi·
343 990 531 1080 Consilia
558 989 738 1075 Medica
764 990 997 1101 sumptibus
1018 991 1207 1078 filiorum
1240 990 1387 1080 Marci
1420 996 1636 1101 Antonii,
1669 998 1717 1085 iit

217 1096 442 1199 Litdovici
471 1104 525 1189 de
550 1102 743 1189 Baueriis
760 1101 969 1187 Bououiae
985 1099 1178 1215 impressa
1202 1128 1283 1217 per
1309 1102 1537 1195 Platonem
1560 1114 1616 1195 de
1634 1110 1723 1197 Be-

216 1216 401 1308 nedisiis
434 1240 545 1301 antro
580 1211 906 1325 1489.inF01.
1430 1298 1436 1305 ,

261 1410 367 1506 Operi
417 1405 562 1517 remissa
599 1404 770 1516 Epistola¹
787 1404 964 1517 editorum
995 1406 1212 1485 dedicatoria
1249 1376 1411 1509 inscripta
1442 1408 1630 1485 Reuerendi
1652 1438 1721 1487 uuo

103 1508 150 1584 Iu
171 1508 240 1603 xpo
265 1506 362 1602 putri
424 1500 613 1612 ⁰”².'⁷.'⁰·.D·
642 1498 709 1573 Ro.
738 1502 834 1612 referii
853 1499 961 1597 soeriis
996 1500 1138 1599 Georgii
1163 1504 1319 1580 Diacouo
1353 1504 1543 1582 cardinali.

103 1603 234 1697 excipit
250 1598 393 1710 epistola
410 1596 748 1731 Pluinrppr'Beroaidr
768 1620 805 1765 up
831 1600 1178 1713 sommendationern
1193 1600 1301 1696 hujus
1323 1604 1440 1715 operis
1460 1602 1597 1716 scripta.
1645 1606 1722 1679 Ca·

101 1698 507 1902 ‘sisinisci‘sffe
547 1706 774 1884 risisse
789 1693 1168 1897 §assedisset
1184 1694 1353 1867 sissi
1378 1696 1720 1889 siniensi?

100 1822 149 1967 iae
171 1889 379 1964 immediate
401 1881 620 1979 subjunsium
643 1883 691 1957 est
712 1880 896 1980 Regrflrum
922 1884 964 1958 sc.
991 1887 1203 1962 chartarum.
1250 1886 1389 1964 Folium
1403 1888 1551 1985 sequens
1564 1890 1627 1965 vix
1640 1914 1721 1965 nors

100 1989 277 2081 integrum
314 1993 463 2077 occupat
503 1975 634 2051 Tabula
666 1979 807 2050 omnium
836 1979 1060 2145 crispinorum:
1084 2006 1144 2075 pne
1170 1984 1375 2059 continentur
1396 1985 1433 2057 in
1452 1984 1513 2057 soc
1536 1986 1719 2065 volumine.

1648 1522 1732 1582 anc'

100 2082 201 2157 Folio
223 2081 371 2153 demum
391 2078 481 2151 inter
499 2073 657 2168 impressa
676 2074 779 2147 tertio
800 2072 884 2146 Prec
898 2077 1030 2173 oriffimi
1052 2081 1143 2149 orriri
1167 2079 1207 2154 ss
1229 2079 1386 2153 medicine
1402 2079 1545 2180 doiiorir
1565 2106 1606 2154 oc
1629 2092 1721 2153 erote

94 2176 162 2277 [Μ
176 2167 1602 2347 iiiiiidiiiidissidiisdissidiidissidiis
1613 2176 1719 2345 sis

99 2290 197 2445 iiidec
207 2294 325 2442 aasolio
344 2365 449 2437 tertio
469 2364 506 2435 in
528 2360 693 2470 superiori
704 2361 865 2455 margine
879 2362 1061 2459 utriusque
1085 2294 1228 2460 paginie
1246 2366 1320 2440 solii
1341 2388 1513 2461 numeros
1530 2293 1720 2453 roriiunoi,⁸

99 2462 138 2541 dr
160 2463 351 2558 signaturas
372 2458 615 2555 typographus
638 2456 785 2551 adjecit:
810 2456 932 2532 desunt
945 2482 1029 2533 vero
1042 2460 1195 2534 initiales
1210 2461 1339 2545 literae,
1361 2459 1400 2535 de
1418 2461 1595 2545 custodes,
1647 2463 1723 2537 lui·

99 2562 150 2634 tio
172 2560 503 2649 colunmaequartae
526 2552 602 2626 solii
627 2553 679 2627 .C.
695 2552 789 2626 LIX.
813 2555 945 2647 (159)
977 2553 1123 2648 sequens
1145 2557 1274 2650 legitur
1295 2555 1513 2652 subscriptio:
1559 2556 1719 2631 Bououie

97 2648 258 2754 Impreffa
292 2651 523 2751 castigatifflme
557 2648 668 2748 cdstlia
704 2648 930 2746 precsarrffimi
967 2653 1089 2721 ortium
1121 2649 1163 2725 ss
1192 2650 1347 2722 medicine
1379 2651 1522 2725 doiiorir
1547 2653 1717 2752 Magistri

98 2750 244 2829 Bauerii
269 2747 310 2821 de
333 2748 490 2822 Burreriis
513 2741 842 2839 filiorumsumptibo
865 2768 1061 2839 operaturo
1085 2744 1239 2817 Plutonis
1269 2748 1310 2815 de
1340 2746 1526 2821 Benedidis
1549 2740 1732 2847 ipreſjoris

97 2846 326 2949 occurotifflmi
348 2844 414 2923 Die
434 2843 547 2945 quinto
568 2837 778 2917 Nouembris.
802 2838 858 2915 M.
877 2836 1011 2916 CCCC.
1026 2838 1249 2919 LXXXIX.
1274 2839 1381 2917 sinis.
1431 2846 1481 2923 Et
1502 2844 1595 2922 nihil
1616 2864 1722 2944 prae-

97 2960 210 3024 iesca·

95 3186 246 3291 'xLlr
276 3195 467 3289 Historia
496 3195 614 3287 urbis
638 3194 789 3285 Romae
821 3192 875 3279 ab
899 3192 993 3303 ejus
1019 3194 1184 3307 origine
1204 3222 1344 3312 usque
1366 3198 1419 3285 ad
1438 3196 1716 3285 Constantini

211 3312 281 3403 Μ.
309 3342 519 3424 tempora.
579 3316 813 3397 accedunt
858 3308 903 3418 1)
924 3308 1177 3397 delationes
1204 3313 1259 3396 de
1280 3310 1594 3423 principalibus
1618 3309 1714 3395 Ro-

62 3459 66 3467 ·
210 3450 346 3511 mauae
375 3426 489 3511 urbis
528 3420 735 3511 Eceiefiis
759 3418 803 3505 ὅτ
832 3419 1133 3529 indulgentiis,
1177 3446 1271 3532 quae
1306 3424 1478 3509 easdem
1500 3420 1718 3508 visitanti·

210 3536 292 3624 bus
317 3533 522 3622 concessae
546 3532 661 3637 sunt,
687 3556 882 3617 necnon
912 3534 966 3616 de
989 3530 1220 3617 earundem
1246 3531 1345 3621 Reli
1379 3533 1478 3624 uiis.
1533 3534 1585 3643 2)
1615 3530 1719 3619 No·

210 3669 304 3737 tatu
330 3650 454 3758 digua
476 3652 530 3733 de
556 3646 650 3734 aliis
678 3642 883 3729 Romanae
906 3643 1022 3727 urbis
1052 3642 1275 3731 Ecclefiis.
1333 3670 1358 3757 3
1408 3640 1481 3730 De
1503 3642 1719 3733 Stationi·

209 3762 290 3847 bus
317 3763 359 3845 iu
387 3763 541 3845 iisdem
575 3784 650 3869 per
686 3754 784 3840 anni
822 3755 1044 3840 circulum.
1127 3752 1278 3839 Romae
1316 3782 1395 3869 per
1415 3756 1716 3867 ‚Stephanum

206 3868 370 3958 Puncu
397 3898 521 3981 1439.
554 3872 599 3955 in
625 3872 664 3954 8.
689 3868 791 3952 urin.

250 4060 309 4134 Ex
330 4058 433 4132 tituio
456 4056 573 4148 operis
593 4060 709 4149 paret,
735 4078 809 4128 non
829 4054 888 4126 ine
912 4060 950 4121 te
968 4048 1001 4123 ei
1018 4050 1163 4125 sinuum
1182 4053 1399 4142 breviorem,
1427 4054 1613 4133 Mirobisr'o
1635 4056 1715 4135 no·

92 4176 171 4242 ma,
194 4152 270 4229 indi
284 4150 440 4247 potuisse.
488 4149 621 4223 Verum
637 4149 750 4221 exstat
763 4146 853 4239 opus
904 4165 967 4214 um
984 4144 1096 4229 aliud,
1125 4146 1268 4222 subhoc
1286 4152 1390 4226 titulo
1405 4152 1531 4249 saepius
1556 4154 1712 4243 editum,

92 4250 196 4351 cujus
223 4249 329 4325 editio
362 4247 457 4341 typis
486 4242 632 4322 iisdem,
664 4241 792 4332 quibus
818 4258 907 4329 opus
930 4236 1100 4327 praeseus,
1131 4240 1276 4326 excusa,
1299 4242 1339 4319 dt
1360 4267 1457 4323 ame
1480 4250 1575 4325 inter
1594 4252 1715 4329 lium

89 4362 176 4429 nou
191 4344 277 4429 anni
298 4354 460 4423 carentes
477 4334 691 4419 recensenda
708 4330 804 4425 apud
824 4352 893 4404 nos
913 4349 1054 4425 quoque
1071 4334 1261 4417 invenitur.
1309 4338 1420 4420 Nolui
1431 4344 1563 4442 iginu,
1590 4347 1715 4423 vitan·
