3644 4964
766 182 1088 308 ss
1670 194 1742 319 43'

104 392 181 469 His
204 390 354 490 btbjesia
375 392 527 469 luntres
547 388 781 488 typographi,
805 394 863 467 vel
887 391 1089 488 bibliopolae
1113 389 1271 486 infignia.
1319 378 1434 475 'Intus
1455 373 1589 467 nomen
1611 392 1729 472 literie

104 490 302 569 initialibus
321 493 356 565 D
372 489 414 565 P.
434 488 630 565 iudicatum
655 488 714 565 est.
744 490 886 563 ¹Plures
910 490 1054 584 quidem
1081 487 1187 584 hujus
1210 487 1362 583 opusculi
1387 488 1576 562 laudantur
1598 492 1725 566 editio-

107 610 186 661 nes.
236 588 298 662 Sic
319 582 496 663 Fabricius
516 585 695 671 Venetam
717 586 800 659 anni
825 607 927 754 arms.
955 584 1099 660 Oriundi
1123 584 1361 659 Florentinum
1381 586 1729 677 anni1480.aullor

107 674 301 779 Catinalogi
322 680 493 759 Biblioth
506 678 690 757 Barberin.
710 682 839 774 pariter
894 682 1091 757 orentinam
1109 681 1311 775 anni-1488.
1329 680 1534 756 excitarunt.
1586 681 1723 759 Verum

106 801 236 855 omues
259 775 336 855 istae
364 777 495 855 Saeculi
517 776 600 852 XV.
621 770 796 853 edrhiones
817 770 972 855 sublellae
993 777 1072 851 sunt
1091 776 1185 851 fidei.
1248 776 1356 851 Nulla
1375 778 1561 859 hedenus.
1591 796 1724 873 praeter

103 873 280 961 nostram,
308 887 407 951 certa
426 874 515 949 milri
536 873 679 970 quidem
698 873 861 949 nnoent
939 871 1159 949 Dollisstmus
1182 873 1397 947 bltuatorius
1419 873 1465 946 de
1487 874 1724 971 Scriptoribus¹

47 1060 51 1069 .
104 968 248 1045 Rerum
280 970 358 1047 ltal.
388 970 525 1047 nullam
558 992 604 1044 ex
634 970 703 1044 illis
735 983 901 1057 noverat,
929 971 1013 1067 quin
1033 968 1072 1045 dt
1092 967 1247 1046 nolharu
1264 970 1358 1043 hanc
1374 969 1569 1063 ignoravit,
1594 988 1718 1068 utpote

74 1067 168 1183 §qui
193 1066 387 1147 editionem
414 1066 687 1164 ingementem
700 1067 917 1162 auti1538.
942 1080 984 1143 ut
1003 1066 1166 1146 crurium
1183 1067 1338 1166 primam
1355 1066 1538 1155 excitavit.

666 1366 871 1480 'Anno
938 1401 1062 1500 140
1090 1388 1131 1481 6.

101 1610 144 1711 1.
173 1611 217 1701 O
248 1638 299 1701 us
331 1610 457 1699 Baidi
488 1611 542 1698 de
579 1607 761 1695 Statutis
798 1632 877 1718 per
912 1602 1082 1694 Italiam
1120 1608 1417 1698 obtinentibus
1444 1614 1508 1702 'ex
1538 1618 1714 1711 diversis

216 1640 343 1815 baldi
368 1725 574 1837 operibus
602 1740 854 1852 excerptum
884 1718 929 1807 dt
956 1722 1233 1835 alphabetico
1260 1726 1413 1812 ordine
1444 1726 1721 1843 dispositum:

220 1864 425 1927 necnon
448 1837 604 1947 regule
625 1834 752 1925 Baldr
773 1831 817 1920 bc
842 1832 1035 1921 Bartholi
1054 1836 1108 1921 de
1126 1834 1304 1923 statutis.
1366 1846 1602 1932 Accedunt
1615 1847 1716 1935 Bar·

223 1952 334 2039 tholi
355 1950 709 2051 contrarietates,
755 1947 828 2033 seu
858 1945 1064 2034 collediio
1090 1950 1311 2053 locorum,
1353 1951 1398 2040 in
1430 1957 1587 2069 quibus
1614 1961 1716 2049 Bar·

218 2066 368 2152 tholus
395 2062 468 2151 fibi
501 2059 775 2151 contradicit.
833 2056 1038 2151 Veneriis
1065 2086 1147 2175 per.
1167 2066 1394 2155 Andream
1420 2070 1478 2156 de
1504 2066 1719 2165 Thoresn.

211 2176 282 2267 nis
317 2174 443 2286 1486.
472 2176 521 2264 in
551 2172 592 2263 F
596 2177 656 2263 ol.
680 2196 826 2286 magn.

94 2475 98 2481 -
264 2412 464 2494 Praemissus
483 2413 533 2491 est
556 2413 668 2491 index
688 2415 824 2513 operis,
853 2413 913 2507 qui
940 2434 1024 2490 cum
1052 2414 1194 2494 eistola
1226 2417 1274 2494 ad
1303 2416 1487 2507 letiorem,
1524 2425 1641 2505 eidem
1662 2432 1721 2508 in.

101 2510 392 2610 uceticensis,
418 2536 464 2587 ex
487 2534 557 2608 qua
578 2512 743 2588 discimus
768 2509 1032 2604 sigismundtun
1091 2514 1162 2589 aldi
1187 2530 1418 2612 pronepotem
1439 2544 1528 2615 opus
1551 2529 1718 2603 correxis-

99 2617 158 2700 se,
184 2612 226 2688 u
244 2608 433 2693 secundum
451 2608 632 2706 alphabeti
665 2608 831 2683 ordinem
862 2605 1068 2701 disposuisse,
1092 2611 1204 2686 tribus
1232 2610 1282 2684 est
1304 2612 1396 2686 soliis
1425 2622 1715 2712 comprehensus.

98 2711 188 2789 solio
214 2719 338 2804 quarto
357 2704 478 2801 incipit
495 2704 607 2801 ipsum
629 2726 718 2800 opus
744 2701 889 2798 gothico
910 2702 1107 2779 chatatiere
1128 2707 1301 2802 eleganti,
1327 2706 1365 2781 δι
1384 2710 1560 2789 luculento
1575 2718 1612 2791 in
1627 2721 1715 2797 dun·

99 2811 170 2887 bus
192 2802 364 2883 columnis
387 2798 668 2897 praestantissime
689 2802 823 2876 chartae
845 2798 1055 2893 impressum
1104 2802 1237 2878 Desunt
1260 2804 1465 2900 plerumque
1488 2810 1640 2888 initiales
1656 2819 1715 2893 lit·

99 2918 191 2982 totae
233 2894 403 2975 rithmum
423 2895 580 2994 cujusvis
601 2896 724 2975 ordine
749 2895 930 2994 alphabeti
951 2899 1164 2973 occurrentis
1187 2898 1316 2976 litterae
1333 2923 1481 2987 voctnn,
1504 2905 1639 3006 sentper
1652 2938 1715 2990 ve·

101 3022 148 3077 ro
241 2996 347 3081 odes,
373 2994 580 3104 paginarum
599 2995 756 3081 numeri,
790 2992 1053 3090 earundemque
1071 2996 1318 3093 inscriptiones.
1397 2999 1607 3094 signatores
1629 3035 1717 3087 vero-

101 3091 350 3195 typographus
371 3089 511 3188 adjecit.
574 3087 639 3167 Ad
661 3090 798 3168 calcem
821 3088 1017 3186 subscriptio
1038 3090 1166 3186 legittu
1188 3092 1295 3190 hujus
1320 3099 1470 3173 tenoris:
1493 3098 1714 3208 Fomofifflmoi

88 3216 187 3291 ,opus
208 3186 288 3265 Bal.
311 3186 401 3277 circa
415 3186 569 3283 'munia
578 3190 729 3287 statuto4
748 3211 808 3284 quc
829 3188 1009 3261 cimuniter
1031 3190 1265 3282 consueuerant
1286 3190 1345 3289 effi
1363 3219 1427 3290 per
1446 3194 1554 3274 naria
1577 3193 1717 3303 sprotfim

93 3283 258 3465 aab*
278 3280 582 3476 simiis
599 3281 929 3480 dissidiis
945 3309 1113 3456 sisai
1122 3288 1714 3482 dissilientibus·

95 3478 445 3579 circipanorum:
474 3472 533 3551 Ac
554 3477 802 3554 cinodiiiiones
828 3476 917 3552 Bar.
946 3477 982 3549 in
1016 3477 1132 3574 quihus
1146 3409 1296 3579 ‘fidigrpst
1320 3484 1519 3561 contradicit
1541 3426 1713 3571 &mog

92 3577 538 3677 ambresburiense&
590 3583 640 3655 nil
664 3581 828 3678 filiaster:
869 3576 1026 3677 Impffum
1057 3580 1202 3656 Ueneriis
1220 3608 1282 3680 per
1300 3581 1445 3663 Andreri
1464 3589 1507 3664 de
1527 3593 1714 3695 thorefianis

100 3683 145 3761 de
163 3679 270 3780 osuin.
315 3673 422 3752 Anno
439 3676 510 3751 dii.
580 3703 686 3755 .cccc.
702 3679 843 3772 laxam.
866 3674 920 3749 die
945 3675 990 3787 do
1011 3679 1128 3772 quieta
1149 3675 1359 3774 Septembris.
1429 3685 1633 3784 Subjesium
1659 3699 1712 3777 est

99 3778 288 3879 Reginum
311 3768 487 3858 charterii,
525 3773 632 3871 idque
665 3772 898 3854 brevissimum
928 3773 1035 3868 hujus
1069 3776 1217 3849 tenoris:
1251 3774 1533 3878 obedesgbi
1545 3785 1564 3860 i
1579 3789 1595 3861 l
1606 3817 1638 3865 m
1652 3820 1673 3866 n
1688 3823 1713 3871 ο

105 3874 290 3971 Umqg
311 3866 430 3942 domm
452 3867 607 3944 tranare
628 3876 790 3967 qnatermi
811 3872 878 3944 vni
897 3866 1155 3968 comprehendit:
1182 3871 1322 3974 demptis
1344 3876 1368 3954 s.
1382 3878 1423 3957 ss
1437 3906 1481 3956 m.
1506 3892 1613 3980 quatri
1630 3897 1743 3991 pri:

98 3996 158 4053 ere
179 3972 294 4050 nani:
313 3962 462 4066 suenda
483 3966 525 4043 do
552 3966 680 4046 durna
698 3967 860 4068 designet.
931 4046 938 4071 ,
