3644 4964
40 3378 48 3478 l

30 1669 34 1677 Ι
119 1471 235 1650 hh'lrha
256 1566 365 1642 Denis
383 1565 420 1637 in
438 1559 557 1657 Suppl.
581 1581 663 1656 pag.
691 1579 776 1653 430.
799 1581 847 1632 ex
911 1553 996 1631 eost.

87 4370 92 4393 .
126 4311 172 4389 fit
196 4309 348 4385 mentio.

273 405 333 483 54.
362 379 534 462 Cornelius
558 372 690 478 Celsus,
722 375 782 454 seu
804 379 879 453 elus
911 375 988 452 libri
1011 368 1106 452 VIII.
1132 371 1183 483 de
1206 395 1247 450 re
1268 374 1423 452 medica.
1451 375 1489 453 iu
1508 375 1588 454 Fol.
1641 380 1745 456 Cha·

28 504 31 517 ¹
111 492 196 574 sati.
221 509 360 565 roman.
394 508 476 559 cum
510 482 633 575 signat.
657 478 696 555 be
719 500 823 555 num.
847 475 920 551 I'oll.
945 497 1082 550 roman.
1110 476 1155 548 ab
1177 476 1322 548 1-xci.
1374 474 1477 552 Falla
1492 498 1534 562 ·3.
1561 477 1745 572 postrema

113 589 277 670 numeris
299 597 461 669 carent„
491 579 551 656 Aa
575 578 712 653 calcem
738 574 857 649 ultimi
882 573 958 647 folii
984 571 1068 646 retii
1094 570 1247 669 legitur}
1271 569 1467 669 impressum
1506 573 1661 649 Veneriis
1682 601 1745 673 per

113 689 309 781 Poitipaun
324 683 444 781 pinzi,
472 673 667 773 Sumptibus
690 672 749 747 diii
772 669 941 745 Beneditii
954 669 1116 764 fontana.
1144 667 1250 744 Anno
1264 668 1334 744 deii.
1362 672 1412 744 IIII.
1431 696 1527 747 cccc.
1543 675 1658 748 xcvii.
1679 672 1742 749 slis.

115 778 164 866 vi.
191 784 295 860 Maii.
345 777 483 855 Aversa
508 775 639 870 pagina
660 769 827 868 ejusdem
850 769 929 844 folii
946 768 1167 865 typographi
1187 767 1339 865 insignia
1354 769 1513 847 exhibet.
1564 772 1746 848 Memine-

116 899 202 966 runt
228 876 376 958 Orlandi
398 877 435 952 δι
458 869 637 948 Harrooosi
658 894 741 964 pag.
764 889 845 963 253.

281 1001 339 1073 55.
369 971 613 1048 Commentario
631 966 771 1042 Robusti
792 964 994 1139 Linconiiff
1022 965 1059 1037 in
1082 958 1187 1039 libros
1204 965 1421 1064 posteriorum
1446 964 1642 1067 Aristotelis
1674 992 1745 1041 cans

118 1091 213 1159 textu
228 1075 381 1172 *folorini
404 1070 534 1163 inserto.
585 1064 722 1162 Scriptri
744 1065 905 1159 gualterii
970 1062 1055 1135 uslei
1082 1062 1185 1160 super
1217 1061 1342 1159 eosdem
1374 1062 1479 1140 libros
1510 1065 1750 1238 Papularum..

116 1182 155 1258 ia
174 1175 252 1253 Fol.
301 1169 463 1247 Charaii.
490 1164 700 1263 getheum
723 1160 847 1258 signat.
872 1161 942 1236 stne
966 1159 1052 1236 cust.
1083 1160 1121 1238 δι
1147 1183 1248 1235 num.
1270 1161 1348 1237 soll.
1413 1158 1477 1237 Aa
1510 1187 1552 1239 ca
1569 1187 1651 1241 cem
1683 1189 1745 1239 co·

50 1304 56 1322 ¹
117 1280 256 1356 Iumnae
281 1296 315 1368 4.
339 1269 415 1343 solii
438 1283 470 1352 8.
496 1262 746 1362 quaternionis
765 1261 790 1336 s.
828 1259 1031 1356 Expliciunt
1065 1258 1282 1354 conclustones
1313 1301 1362 1316 -
1397 1258 1557 1362 Impreffs
1601 1262 1747 1340 Uenetiis

120 1400 181 1477 per
207 1370 410 1543 Missam
438 1365 575 1485 Otinusn
596 1354 790 1476 Papiansem
812 1383 905 1473 anna
921 1357 1056 1432 stamini.
1082 1354 1417 1472 Nl.cccclxxxaevii.
1442 1360 1497 1432 die
1518 1362 1675 1472 oigefimo
1695 1358 1749 1458 se·

308 1477 390 1540 artes
422 1462 604 1538 Domanate
635 1459 758 1555 inclyto
791 1481 944 1556 prrncre
976 1453 1165 1554 Augustino
1200 1452 1409 1532 Barbadrco.
1471 1457 1567 1536 Cum
1594 1457 1747 1555 registro

288 1671 347 1756 56.
373 1659 597 1756 institutiones
638 1652 767 1731 Genea
803 1651 1058 1728 Grammatico.
1098 1649 1205 1729 nau.
1235 1651 1385 1728 Urbano
1416 1649 1626 1731 Bellunenli
1662 1654 1750 1731 Orci

121 1767 213 1844 miri.
241 1762 281 1836 in
305 1784 341 1855 4
388 1759 483 1831 Cum
506 1754 645 1851 praelat.
672 1751 762 1827 Alai
789 1753 930 1826 Manat.
955 1753 1002 1825 ad
1024 1750 1153 1829 Franc.
1178 1750 1306 1825 Picum
1330 1751 1524 1827 Mirandul.
1582 1753 1751 1833 Charati.

120 1852 222 1941 latin.
241 1880 381 1933 roman.
407 1877 490 1929 cum
513 1851 638 1948 signat.
662 1865 777 1944 a-p.
805 1850 896 1924 item
918 1847 958 1925 δι
982 1845 1028 1922 Α.
1044 1847 1089 1921 Β.
1139 1846 1242 1922 Folio
1269 1874 1324 1923 10.
1356 1849 1453 1924 reita
1477 1851 1752 1947 quiaternionis

121 1964 184 2042 B..
202 1955 350 2072 Venetiis
372 1953 408 2026 in
432 1949 557 2024 adibus
572 1949 666 2081 Aleti
686 1947 841 2021 Manutii
853 1945 1020 2060 hamoni.
1049 1943 1105 2058 Μ
1122 1943 1240 2060 Itltt.
1261 1945 1366 2062 mopso
1387 1941 1580 2124 {imissa
1632 1950 1751 2063 [τηρεῖ

122 2069 240 2139 travit
267 2050 311 2129 ab
333 2049 389 2127 It.
411 2047 449 2127 S.
458 2061 570 2127 enatu
593 2046 756 2124 V.eneto
782 2041 823 2155 Θ
846 2070 882 2119 sn
907 2041 968 2118 lsoc
990 2040 1037 2138 qd
1060 2068 1096 2118 ru
1123 2055 1248 2119 carens
1261 2046 1350 2144 sues.
1439 2060 1569 2122 emunt
1599 2044 1750 2123 Orlandr

123 2174 295 2261 sag-'Si

29 2284 42 2303 ι
200 2295 208 2305 ·
289 2270 347 2422 5}
373 2244 509 2325 Summa
531 2242 573 2318 sle
596 2237 776 2337 Exemplis
795 2235 853 2313 Ac
862 2235 1149 2412 {militudinibus
1176 2229 1277 2336 serug
1304 2239 1452 2316 Nouitee
1472 2239 1639 2342 impreffa.
1669 2267 1756 2322 cum

122 2350 291 2454 privileg.
341 2359 471 2423 enatus
494 2340 647 2427 Veneti,
672 2351 715 2413 ut
739 2334 860 2435 subjun
897 2362 959 2414 um
982 2337 1124 2434 legitur.
1176 2337 1649 2438 nonantulonus,
1674 2343 1754 2417 vul-

57 2538 60 2543 ,
123 2477 174 2627 ευ
199 2450 244 2525 de
259 2448 297 2522 S.
309 2445 528 2522 Geminiano
553 2439 637 2516 Ord.
656 2437 776 2514 Praed.
799 2438 839 2511 in
858 2462 892 2534 4.
944 2436 1107 2513 Charati.
1130 2437 1231 2532 goth.
1252 2460 1337 2512 cum
1355 2436 1480 2532 signat.
1502 2438 1539 2516 δι
1559 2463 1659 2514 num.
1675 2440 1752 2517 soll.

153 2574 199 2624 ne
216 2543 349 2622 custod.
400 2542 503 2619 Folio
521 2538 617 2616 resto
640 2559 723 2631 392.
749 2532 940 2632 Inspreffusn
964 2576 1000 2591 —
1025 2535 1172 2610 Venetiir
1190 2560 1253 2632 per
1277 2533 1379 2610 Inani
1410 2548 1441 2610 et
1476 2535 1683 2633 Gregoriunr
1713 2538 1755 2614 de

127 2644 202 2722 Gne
226 2646 307 2720 ariis
323 2641 464 2737 fratres.
493 2631 801 2731 Mcccctxxxxvij.
825 2633 889 2707 die.
914 2656 951 2707 x.
974 2630 1124 2731 Aprilis.
1174 2635 1269 2710 Cum
1288 2630 1416 2730 insign.
1440 2635 1661 2734 typograph
1685 2635 1754 2727 os·

123 2672 225 2822 laeli
240 2765 322 2840 pag.
344 2744 401 2834 38.
425 2735 571 2812 Maseli.
596 2754 678 2829 pag.
705 2757 784 2811 200.
804 2731 988 2809 occasione
1008 2732 1096 2806 edit.
1119 2730 1306 2806 Baoreens.
1320 2756 1438 2831 ‚rapo
1487 2780 1489 2786 ,

213 2838 219 2848 '
290 2852 349 2935 58.
377 2835 520 2911 Ioannes
545 2832 714 2932 Cafflanns
732 2828 773 2902 de
796 2828 960 2930 Institutis
987 2827 1215 2909 Cenohiorurn.
1243 2827 1382 2925 Origie:
1406 2832 1509 2932 constr
1539 2843 1572 2906 et
1601 2832 1756 2908 remediis

35 3002 44 3013 ,
126 2939 297 3017 uitiorum.
329 2928 569 3011 collationibus
585 2941 737 3026 patrum.
761 2928 797 3001 in
821 2948 857 3020 4.
909 2927 1072 3004 Charatt.
1093 2927 1197 3024 goth.
1215 2951 1299 3004 cum
1318 2926 1445 3023 signat.
1465 2928 1537 3004 sme
1561 2931 1699 3009 custod.
1715 2930 1755 3010 δι

126 3061 227 3116 num.
252 3035 327 3109 soll.
378 3030 442 3109 Aa
464 3030 621 3104 calcem:
651 3024 916 3138 Expliciuntjl-
947 3024 1140 3099 collationes
1169 3064 1206 3084 -
1230 3024 1387 3138 Impreffe
1411 3027 1543 3127 Bnstlee
1561 3053 1621 3126 per
1642 3032 1754 3126 magle

119 3140 196 3237 pirri
229 3131 387 3207 Ioannem
411 3123 621 3206 Amerbocls:
650 3121 756 3198 Anno
779 3120 916 3197 domine.
940 3120 1305 3223 Ill.cccc.lxxxxvi1.
1357 3126 1463 3201 Cons.
1495 3124 1621 3203 Brasos
1649 3130 1691 3205 P.
1708 3127 1753 3211 ll,

127 3256 212 3439 ‘mg'
240 3254 349 3422 wgo.
382 3319 564 3435 Cleomedis
591 3314 632 3393 de
663 3315 935 3432 contemplatione
959 3314 1056 3434 orbiri
1085 3319 1287 3414 excelsorum
1320 3319 1514 3434 slisputatio.
1569 3321 1755 3424 Aristidis:

125 3439 159 3506 et
179 3422 303 3540 Dionis
325 3423 365 3497 ts
388 3419 566 3535 ransmissa
588 3429 766 3492 orationes.
816 3413 992 3492 Plutarcla
1015 3433 1180 3517 precepta
1204 3415 1429 3495 canonicalia.
1482 3418 1687 3520 Eiusdemq3
1710 3423 1751 3501 ae

125 3520 306 3604 uirtutibus
327 3546 464 3597 morum.
493 3542 530 3595 m
544 3539 580 3614 4.
632 3513 795 3592 Charall.
816 3538 954 3592 roman.
972 3541 1054 3592 cum
1072 3517 1194 3614 fignat.
1213 3541 1285 3594 a·-
1299 3519 1335 3593 Ir.
1350 3517 1424 3594 srne
1436 3517 1576 3595 custod.
1593 3519 1634 3597 lle
1650 3544 1751 3601 num.

30 3630 34 3636 ’
126 3626 206 3705 soll.
257 3622 359 3698 Folio
380 3637 412 3706 8.
429 3617 525 3696 resin
545 3609 790 3714 quaternionis
805 3614 840 3690 k.
858 3615 1011 3710 legitur:
1039 3614 1243 3716 Impsuffum
1257 3615 1755 3791 praesupponendum

126 3728 259 3803 noientel
271 3717 461 3819 sumptibus
476 3716 608 3816 Angeli
629 3712 824 3790 Britannici
846 3715 930 3787 ciuis
945 3712 1113 3789 Brixiani
1125 3739 1222 3789 anno.
1248 3717 1410 3791 blecca.
1434 3717 1597 3791 xxxxvii.
1621 3715 1686 3792 die.
1700 3719 1753 3794 iii.

22 3827 39 3837 '
128 3821 276 3916 Aprilis.
324 3817 479 3895 Accedit
501 3817 599 3891 soliis
614 3837 649 3909 4.
674 3834 836 3889 errorum
858 3811 1039 3886 corretlio:
1087 3811 1262 3908 Egraeco
1277 3817 1358 3890 haec
1374 3813 1540 3909 opuscula
1556 3814 1668 3890 restit
1684 3816 1754 3894 Ca·

104 3922 229 3997 sorus
251 3916 439 4010 Valgalias
456 3915 672 3999 Brixianus,
698 3909 899 3987 Cardinalis
926 3909 1077 3985 Caesaris
1099 3909 1247 4006 Bargiae
1269 3910 1507 3987 Secretarius.
1583 3911 1693 3987 Derris
1715 3916 1753 3990 in

125 4016 247 4112 Suppl.
270 4038 349 4112 pag.
363 4039 445 4103 aar.
498 4009 709 4088 Cleomedis
729 4007 1003 4109 disputationem
1021 4007 1206 4083 aPineIlio
1224 4009 1442 4107 Tonalllp.
1461 4023 1541 4094 282.
1557 4011 1754 4088 adduttam

128 4116 170 4193 in
187 4115 386 4207 exemplari
420 4110 659 4188 Bibliothecae
687 4106 860 4181 Caesareae
893 4128 965 4179 non
995 4107 1147 4180 invenit.
1197 4107 1372 4183 Mutilum
1398 4130 1487 4204 ergo
1510 4106 1754 4206 else-oportet

127 4214 201 4292 hoc
218 4211 423 4306 exemplar,
451 4208 620 4286 &etlam
639 4203 745 4280 titulo
765 4202 998 4292 destitutum,
1025 4215 1173 4301 utpote,
1201 4205 1242 4281 in
1265 4228 1338 4303 quo
1360 4205 1569 4284 Cleomedis
1591 4207 1752 4305 expressa

290 4411 350 4481 oo.
378 4400 433 4478 De
464 4402 653 4499 operatione
678 4382 753 4473 dini
785 4398 922 4474 amoris.
965 4395 1086 4475 Oratio
1107 4392 1181 4475 'tat
1217 4398 1359 4478 Ioannis
1388 4401 1529 4479 trionis
1554 4401 1626 4481 &o
1647 4364 1749 4504 in4.

126 4502 293 4588 Charait.
315 4504 518 4602 getheum
542 4498 665 4599 signat.
694 4496 741 4575 A.
757 4495 803 4574 B.
826 4495 900 4585 bae
917 4495 1051 4611 custod.
1074 4498 1114 4578 ou
1134 4522 1235 4593 num.
1253 4500 1327 4594 foll.
1376 4500 1557 4600 F0fi014
1580 4500 1634 4579 0st
1655 4501 1753 4589 Μ,

587 4676 589 4680 ⁴
742 4640 744 4644 ’
1621 4623 1705 4678 ora·
