3644 4964
82 366 113 441 io
151 372 220 459 sure
246 373 406 472 adjesta,
431 352 620 468 dederint
633 396 643 462 ,·
675 373 740 447 suit
764 398 892 470 nempe
924 375 1134 449 Oitarianus
1169 376 1318 461 Scottis,
1345 377 1610 473 typographus,
1642 374 1699 452 rei

76 464 246 548 librarius
266 475 387 569 potius
410 486 556 545 venetus
587 470 850 554 celeberrimus,
879 468 979 564 cujus
1004 470 1198 566 sumptibus
1221 474 1420 566 complures
1446 476 1523 548 libri
1547 474 1696 547 venetiis

72 570 206 645 excusi
224 570 312 649 sunt.
363 566 392 643 F
393 567 462 641 olio
485 566 637 639 secundo
661 564 724 638 Ad
741 566 985 666 Ilinsirifflennm
1008 566 1163 639 Mantuae
1175 570 1359 663 principem
1374 570 1586 665 Francisnnn
1602 566 1699 641 Gon-
1731 610 1735 619 ·

61 674 212 761 &agenr
245 662 428 761 Rapieneiis
462 662 563 757 Regii
588 665 835 735 enarrativum
863 666 898 736 in
929 660 1047 738 Ouidii
1073 661 1352 762 ellernnorpnoſsn
1382 666 1538 759 prefatio
1574 666 1707 760 incipit-

61 755 145 829 leri
180 778 213 840 ta
236 760 385 836 Veneriis
402 758 514 833 Nonis
536 756 742 855 Separentur
762 757 816 831 M.
830 783 912 831 cccc.
929 756 1098 833 lxxxxiii.
1149 760 1256 835 Hanc
1274 761 1403 857 exeipit
1424 760 1541 837 Ovidii
1566 762 1639 836 vita
1658 760 1701 837 dt

59 840 96 953 13²
104 784 198 931 dix
216 880 325 931 corum
346 878 411 951 qap
430 877 535 949 qnon3
560 856 594 926 in
614 852 700 927 libro
725 854 1049 949 metamorphoseos
1072 854 1189 929 Ovidii
1206 859 1440 931 continentur.
1498 856 1600 932 Folio
1623 856 1701 953 sep·

57 956 182 1028 tlmo
201 976 288 1051 opus
309 955 420 1047 ipsum
436 953 573 1045 incipit,
599 951 752 1043 eleganti
776 951 972 1025 ciiarai'tere
993 970 1142 1025 romano
1162 952 1380 1048 impressum,
1408 966 1530 1029 textus
1553 953 1698 1048 quidem

60 1034 202 1124 Ovidii
223 1051 327 1151 paulo
347 1045 491 1143 majmi,
517 1048 782 1121 Commentario
804 1047 940 1119 minori.
992 1046 1146 1121 initiales
1170 1048 1289 1123 literas
1312 1050 1457 1143 paruas’,
1481 1048 1697 1145 lignaturam

64 1130 104 1209 &
145 1148 354 1241 paginarum
369 1144 625 1237 inscriptiones,
652 1168 682 1217 e.
699 1166 732 1236 g.
757 1138 863 1215 Liber
878 1142 1047 1241 Quorsus,
1077 1156 1296 1240 typograpus
1319 1146 1389 1241 ipsc
1410 1143 1557 1230 ad'ecit,
1586 1146 1700 1221 custo·

69 1228 158 1337 dsss
180 1265 279 1327 vero,
301 1240 338 1315 dt
362 1241 570 1335 paginarum
590 1241 729 1313 numeri
754 1238 888 1311 desunt.
938 1238 981 1312 ln
1004 1239 1074 1313 line
1097 1238 1239 1315 adnexa
1258 1240 1336 1313 sunt
1368 1244 1411 1335 r)
1434 1167 1614 1337 linpbaesis
1630 1240 1700 1314 Re·

23 1388 26 1393 ·
77 1330 137 1424 g²i
164 1334 364 1432 reprehenso
386 1333 592 1430 quorundam
619 1358 662 1406 en
680 1335 872 1503 „surrepere
894 1332 1062 1407 erroribus
1083 1330 1199 1428 peribus
1231 1337 1366 1408 nitimur
1388 1340 1556 1430 quaternio
1576 1339 1699 1433 prirnoe

85 1420 241 1506 editionis
257 1424 330 1525 seit
353 1432 554 1528 inquinatur.
606 1436 646 1521 2)
674 1429 774 1524 Ejus(
789 1454 847 1503 em
871 1429 1012 1525 epistola
1033 1432 1080 1503 ad
1104 1430 1252 1506 Paulum
1271 1433 1475 1508 Cornelium
1505 1434 1699 1510 Patricium
1726 1478 1740 1501 .

90 1515 280 1603 l’euetum.
329 1528 370 1602 ln
391 1527 509 1600 averia
531 1529 660 1623 pagina
680 1526 752 1600 folii
778 1528 891 1599 ultimi
913 1530 1009 1600 inter
1035 1526 1211 1621 impressa,
1242 1529 1336 1621 quod
1357 1528 1409 1600 'esi
1431 1532 1575 1603 tertium
1594 1530 1701 1601 ‹itter-

98 1618 205 1699 n'lonis
226 1649 270 1699 x:
296 1625 441 1717 iegittu:
469 1621 565 1697 Lares
585 1626 796 1720 omnipotenti
815 1620 885 1697 deo.
912 1618 1104 1720 inpressius
1128 1622 1275 1697 Venesiir
1288 1649 1347 1717 per
1369 1625 1610 1699 bernardinum
1627 1626 1699 1698 Be·

13 1786 17 1793 .
100 1722 223 1794 nerlinnr.
292 1720 446 1793 Accedit
476 1718 662 1817 Regijirnnr
697 1715 955 1816 (chartarum)
989 1720 1085 1791 irrinr
1103 1722 1218 1814 operis.
1283 1721 1456 1806 Quamvis
1485 1723 1565 1796 haec
1587 1722 1698 1796 editio

99 1818 184 1893 nula
206 1817 290 1893 aurii
310 1829 395 1889 nota
416 1814 577 1910 insignita
594 1815 652 1899 sit,
676 1815 773 1887 lratui
793 1830 913 1890 tamen
937 1816 1173 1890 dubitandum
1189 1817 1344 1901 videtin,
1371 1818 1455 1913 quin
1475 1843 1568 1892 almo
1595 1841 1699 1913 1404

96 1914 259 2023 prodierit
281 1914 319 1985 in
339 1912 467 1985 luceru.
520 1910 613 1986 Nam
636 1912 744 1986 editio
766 1912 960 2006 stuuptibus
984 1912 1163 1986 Oiiaviani
1184 1912 1283 1987 Scoti
1312 1927 1452 1999 curata,
1479 1916 1592 2010 prima
1621 1914 1700 1997 illa.

93 2010 151 2085 sed
171 2008 299 2105 sptuia,
336 2009 447 2081 invito
469 2009 610 2080 austere
630 2006 746 2081 emissa
762 2009 801 2080 in
825 2007 960 2087 lucem,
985 2009 1117 2103 prodiit
1147 2007 1303 2082 Venetiis
1331 2033 1423 2084 anno
1463 2034 1564 2105 1493.
1593 2010 1700 2084 Cous.

60 2166 65 2179 .
96 2104 240 2183 Oriundi
262 2127 342 2199 pag.
362 2125 417 2195 35.
442 2102 480 2178 dt
504 2102 693 2176 risnitsnirii
715 2102 817 2176 Tom.
835 2102 859 2176 l.
883 2126 964 2198 pag.
981 2111 1060 2196 561.
1112 2105 1219 2178 Hanc
1239 2108 1363 2198 igitur,
1395 2130 1477 2180 cum
1497 2132 1584 2178 narro
1596 2106 1700 2202 [repn-

88 2204 178 2279 riore
200 2201 362 2295 Rapbael
385 2200 517 2295 Regius
537 2201 574 2273 in
596 2200 807 2273 Praelatione
829 2202 875 2273 ad
898 2201 1081 2273 Letiorem
1103 2201 1261 2293 prodiille
1281 2201 1448 2276 allitniet:
1477 2204 1608 2276 necesse
1629 2202 1696 2275 est:

89 2298 299 2399 praesentem
321 2300 415 2383 lianc
435 2297 586 2369 nostram
612 2319 706 2369 anno
731 2320 833 2390 1494.
859 2296 1146 2369 excusamliiill'e.
1197 2297 1258 2370 Est
1272 2323 1315 2373 ea
1330 2314 1424 2372 certe
1445 2312 1573 2373 notatu
1594 2299 1702 2391 digna

90 2395 152 2470 vel
172 2394 242 2468 hoc
263 2392 335 2466 solo
357 2392 517 2477 nomine,
580 2392 650 2466 uod
673 2393 787 2487 prima
812 2390 851 2464 sit
871 2394 1025 2481 genuina
1049 2394 1092 2465 ab
1115 2393 1185 2487 ipso
1207 2392 1391 2489 Raphacle
1411 2394 1530 2487 Regio
1552 2395 1703 2471 adoma-

89 2506 139 2568 ta
189 2488 354 2565 blerniuit
380 2484 489 2583 hujus
511 2412 639 2563 noitrae
663 2487 828 2561 editionis
854 2488 1032 2561 blaitmire
1050 2487 1080 2559 T
1081 2512 1153 2567 our.
1170 2490 1195 2561 l.
1217 2512 1296 2584 pag.
1313 2495 1393 2583 560.
1412 2494 1448 2563 in
1463 2503 1537 2564 not.
1550 2515 1582 2565 1.
1624 2487 1703 2563 Aa·

10 2590 15 2609 ’
90 2582 211 2663 ii'r'mat
237 2607 342 2665 vero.
368 2605 449 2657 eam
474 2584 522 2659 ad
539 2607 674 2660 annum
705 2604 807 2677 1493.
831 2584 1021 2677 pertinere.
1048 2584 1159 2669 sorte,
1182 2585 1275 2677 quod
1307 2586 1448 2679 epistola
1477 2586 1708 2663 Dedicatoria.

91 2682 215 2777 scripta
235 2678 276 2754 fit
296 2703 390 2754 anno
414 2702 516 2772 1493.
541 2681 644 2755 nonis
667 2678 899 2773 Septembris.
964 2680 1098 2753 Verum
1119 2704 1212 2754 antro
1242 2681 1394 2773 primum
1420 2706 1522 2775 1494.
1549 2682 1702 2761 nostram

91 2776 272 2877 prodiisse,
305 2774 343 2851 de
365 2774 508 2874 quidem
532 2774 603 2852 ime
628 2773 765 2872 aljana
785 2774 869 2850 anni
891 2788 994 2859 nota,
1016 2790 1116 2873 patet
1131 2800 1174 2851 ex
1191 2776 1357 2853 haetenus
1380 2802 1477 2854 ame
1497 2778 1604 2855 distis.

95 3080 283 3175 CLliil.
313 3081 411 3171 Caii
444 3076 570 3170 Plinii
592 3074 783 3169 Secundi
817 3081 863 3193 1)
888 3078 930 3169 E
963 3081 1176 3171 istolarum
1200 3083 1298 3175 libri
1335 3087 1452 3175 osto.
1496 3084 1546 3198 a)
1569 3083 1702 3175 Pane·

34 3254 38 3259 ·
209 3200 381 3307 siric&
410 3190 603 3303 Trajano
636 3194 833 3307 Augusto
868 3110 1022 3289 nitius.
1077 3204 1126 3311 3)
1153 3197 1288 3288 Liber
1318 3202 1373 3289 de
1402 3202 1505 3290 viris
1532 3200 1704 3287 illustri-

206 3312 287 3395 bus
318 3309 476 3421 (quem
500 3327 644 3394 tamen
669 3308 845 3398 Aurelii
871 3305 1068 3397 vinens
1089 3307 1172 3397 elle
1187 3315 1445 3401 eruditiores
1463 3314 1595 3400 hodie
1615 3313 1705 3429 qui·

96 3462 100 3467 ·
178 3522 181 3527 ,
215 3422 312 3511 deur
336 3446 426 3509 uon
453 3416 682 3535 dubitant)
707 3446 787 3539 per
816 3420 1065 3512 Antonium
1095 3422 1336 3515 Moretum.
1368 3428 1414 3516 iu
1441 3454 1485 3537 4.

255 3650 397 3732 Fortun
416 3650 574 3751 primum
597 3672 752 3731 vacuum
777 3654 836 3730 eil.
887 3653 929 3731 In
949 3655 1065 3731 fronte
1085 3657 1228 3733 secundi

453 3745 493 3828 C.
513 3747 620 3823 Plinii
646 3748 790 3826 Secundi
812 3748 1061 3849 Nouocomensts
1098 3751 1252 3829 Ornserir
1281 3754 1353 3856 Epi

439 3843 602 3943 sitierunt
628 3844 731 3921 Liber
757 3846 903 3923 Primus.
932 3848 976 3923 sc
997 3847 1130 3943 incipit

90 3970 246 4029 romano
265 3939 482 4027 charaiiere,
508 3940 748 4039 &praestanti
771 3944 925 4030 chartae,
951 3959 992 4020 ut
1013 3945 1146 4039 reliqua
1169 3948 1310 4037 omnia,
1335 3946 1530 4046 impressus.
1561 3948 1707 4045 ¹Signa·

91 4060 200 4123 mres
218 4042 300 4119 aba
316 4078 360 4095 -·
375 4063 410 4113 n.
426 4038 465 4114 dt
487 4038 531 4115 ab
547 4034 644 4116 A-
660 4040 702 4117 C.
727 4042 971 4139 typographus
986 4039 1135 4137 adjecit:
1151 4042 1277 4121 desunt
1302 4069 1387 4121 vero
1403 4045 1582 4133 custodes,
1604 4046 1708 4121 solio·

93 4162 180 4218 nun
197 4135 355 4220 numeri,
377 4132 619 4233 inscrIptiones
642 4138 872 4234 paginarum,
897 4138 936 4215 dt
953 4138 1105 4215 initiales
1129 4140 1254 4219 literae.
1314 4139 1376 4218 Aa
1402 4142 1537 4219 calcem
1565 4145 1707 4243 paginae

95 4236 215 4313 vetsae
233 4232 310 4311 solii
334 4231 447 4327 quinti
473 4235 710 4326 quaternionis
731 4233 838 4309 mest

399 4325 438 4400 C.
473 4326 580 4403 Plinii
617 4328 762 4405 Secundi
796 4328 1046 4424 Novocomnns
1077 4330 1233 4406 Oraterir
1265 4329 1417 4432 Epistola

396 4447 472 4503 rum
491 4420 593 4504 Libri
620 4423 736 4505 Oiinrri
752 4424 793 4507 Β
818 4426 953 4505 isitirni.
987 4424 1096 4509 dinis.
1625 4524 1670 4611 h
