3644 4964
577 130 1099 258 ἐξ
1461 216 1467 223 ¹
1641 148 1770 266 nr

88 346 214 443 XXI.
248 328 423 460 Esopus
459 280 744 451 utdrulifiatas
783 364 877 429 cum
917 338 1029 429 hono
1065 345 1271 431 cimento.
1314 340 1400 430 sine
1428 360 1536 432 nota
1555 343 1648 435 loci
1671 344 1718 436 ὃς

219 456 485 575 typographi
510 450 731 567 imprelsus
765 478 891 567 1439.
922 452 967 539 in
999 480 1043 564 4,

255 651 376 731 Verba
410 645 506 724 tituli
531 647 612 722 loco
636 645 782 721 recitata
802 645 968 742 legrmtur
988 647 1023 723 in
1049 647 1165 743 prima
1190 648 1293 743 primi
1317 646 1391 723 solii
1417 650 1545 745 pagina
1568 651 1718 747 gothico

92 749 303 832 charastere
325 743 520 844 majusculo
545 742 718 839 impressa.
787 741 830 817 In
850 743 968 819 aversa
989 744 1120 838 pagina
1146 742 1308 839 ejusdem
1329 745 1402 819 solii
1424 754 1716 827 commentatoris

88 853 222 947 legitur
242 842 527 945 praefatuncua,
558 842 685 935 inqua
707 837 888 938 adfirmat,
912 841 1050 915 fabulas
1071 840 1152 914 istas
1176 841 1332 936 primum
1359 845 1403 917 ab
1432 843 1563 940 AEsopo
1593 868 1716 943 graece

86 949 237 1043 scriptas
261 942 347 1026 else,
371 939 490 1035 postea
513 956 600 1011 vero
624 935 787 1009 aromulo
809 941 948 1043 {putore
969 946 1073 1009 riano
1088 936 1135 1008 ud
1150 937 1313 1035 inliruiilai
1352 936 1490 1012 ittarta
1515 940 1608 1033 (lic)
1628 943 1713 1037 filia
1746 976 1749 983 ·

83 1044 157 1142 suri
177 1044 212 1114 in
229 1042 340 1114 latiari
362 1033 490 1133 uenrffl.
552 1033 626 1108 Sed
649 1032 695 1105 de
712 1031 854 1106 austore
875 1033 1001 1107 harum
1024 1034 1224 1109 fabularum
1253 1037 1376 1118 variae,
1405 1035 1443 1112 dt
1466 1037 1610 1113 incertae
1634 1039 1713 1115 sunt

92 1137 325 1233 conjetturae.
350 1155 439 1230 quas
459 1133 496 1205 in
511 1129 721 1225 compendio
732 1127 906 1210 recenset,
925 1152 994 1202 una
1010 1152 1091 1203 cum
1103 1131 1171 1204 hac
1185 1132 1380 1206 earundem
1400 1132 1574 1216 editione,
1602 1133 1715 1228 Frey-

90 1252 159 1330 tag
176 1236 214 1308 in
236 1231 421 1327 Apparatu
444 1225 607 1301 Litterae.
630 1225 733 1300 Tom.
751 1224 777 1298 I.
800 1248 883 1320 pag.¹
898 1230 944 1300 62
957 1226 1049 1321 seqq.
1119 1228 1231 1321 Igitur
1255 1229 1300 1301 de
1322 1229 1480 1324 praesenti
1495 1231 1613 1325 potius
1635 1232 1714 1307 edi·

89 1335 215 1411 tione,
242 1327 454 1408 Maittaitio,
480 1324 518 1401 da
543 1322 672 1398 Davidi
695 1322 880 1404 Clement‚
903 1320 1009 1396 &De
1025 1323 1135 1397 Burin
1155 1325 1354 1418 incognita,
1378 1340 1484 1421 atque
1506 1328 1634 1422 oppido
1654 1352 1711 1403 ra·

88 1453 137 1506 ra
159 1426 333 1499 dicemus.
383 1421 521 1497 Textus
541 1420 710 1494 metricus
729 1417 931 1492 charaiiere
951 1420 1095 1513 gothico
1116 1420 1220 1516 paulo
1243 1422 1386 1505 maiori,
1414 1437 1511 1496 notae
1534 1446 1619 1496 vero
1635 1437 1710 1498 tam
1773 1496 1776 1501 .

88 1522 356 1604 interlineares,
369 1540 494 1614 quam
549 1537 609 1592 uae
628 1516 664 1589 in
685 1515 899 1608 marginibus
921 1516 1107 1609 leguntur,
1145 1518 1259 1592 inuito
1283 1519 1408 1594 minori
1428 1520 1600 1616 impressae
1623 1518 1710 1594 sunt.

89 1621 153 1696 En
176 1617 353 1714 specimen
371 1540 570 1699 textus&
592 1624 758 1687 notarum
779 1611 1075 1686 interlinearium:

611 1737 782 1829 desiliet
810 1741 914 1828 utile
935 1738 996 1855 fit
1188 1742 1271 1859 piis
1298 1745 1407 1835 liber

391 1881 505 1976 T(u
533 1882 589 1976 T)
625 1881 713 1955 iuuet
758 1877 800 1955 sl
837 1880 942 1978 profit
984 1879 1095 1955 careal*
1126 1884 1256 1979 pagiua
1293 1889 1358 1981 piis

390 2002 555 2091 maiori
564 1997 709 2107 faciut
727 1995 919 2084 utilitati
936 1999 1063 2086 ntiliu
1079 1999 1221 2113 iocosa
1232 1986 1429 2114 samaiim

390 2138 535 2214 Dulcius
557 2138 708 2212 arrident
722 2135 816 2233 seria
836 2134 922 2232 pilia
951 2137 1031 2210 iocis

381 2255 466 2369 piis
488 2253 596 2340 liber
711 2262 891 2369 generat
1008 2254 1225 2343 dulcedini
1343 2253 1514 2362 subulis

389 2389 491 2465 Oetul
498 2395 514 2438 ⁹
545 2393 599 2488 isle
621 2391 755 2488 profert
777 2386 924 2484 seusium
963 2390 1003 2460 cei
1026 2395 1114 2484 flore
1135 2391 1260 2483 fauor?

245 2614 249 2620 g
387 2509 585 2618 i.fubulu
690 2504 939 2623 sofrulius
1045 2505 1109 2618 sc.
1121 2505 1208 2615 llos
1220 2505 1435 2624 splendet.

386 2645 467 2722 Flos
490 2667 503 2726 a
524 2645 657 2742 stulius
676 2657 794 2720 emieat.
823 2643 874 2717 lric
888 2642 992 2740 sapit.
1023 2644 1078 2717 ille
1099 2646 1190 2718 uitet.

87 2792 230 2874 Desunt
251 2785 319 2859 hac
341 2781 378 2854 in
400 2778 557 2854 editione
577 2780 728 2855 initiales
743 2779 855 2852 literae
868 2777 1085 2860 fabularum,
1113 2777 1294 2861 custodes,
1321 2777 1476 2859 numeri,
1505 2777 1544 2852 da
1566 2779 1706 2876 inscrip-

88 2895 214 2970 tiones
241 2880 415 2957 soliorum.
491 2878 623 2952 Totum
648 2874 851 2971 opusculum
877 2873 1034 2968 quinque
1061 2874 1193 2950 constat
1213 2873 1435 2969 plagularum
1457 2871 1623 2947 fasciculis
1641 2877 1708 2972 sig·

88 2985 191 3064 natis
212 2977 261 3053 A.
277 2974 322 3055 B.
335 2974 378 3051 C.
393 2973 437 3045 D.
454 2974 494 3049 Ε.
546 2970 653 3045 Terni
675 2970 751 3045 sunt
773 2969 818 3043 Α.
834 2969 878 3043 Β.
895 2971 940 3044 D.
993 2971 1258 3055 Quaternusest
1280 2971 1330 3045 C:
1354 2968 1387 3044 le
1411 2980 1486 3043 tem
1508 2968 1598 3044 soliis
1621 2996 1706 3045 con·

89 3084 161 3161 stat
183 3078 226 3151 E.
291 3070 339 3145 Et
360 3070 395 3141 in
416 3069 530 3165 prima
555 3068 702 3163 quidem
725 3065 831 3160 hujus
854 3066 983 3161 pagina
1005 3089 1095 3161 opus
1116 3069 1331 3142 terminatur.
1387 2991 1432 3139 dn
1453 3064 1581 3144 eadem
1602 3080 1707 3166 typo·

70 3174 274 3273 -graphus,
300 3166 387 3241 mihi
408 3164 515 3262 plane
535 3165 755 3257 incognitus,
781 3164 987 3257 sequentem
1007 3164 1143 3238 addidit
1166 3162 1467 3261 subscriptionem:

179 3334 183 3341 .
293 3260 388 3337 Finit
426 3258 557 3356 Esupms
583 3256 760 3355 fabulator
793 3258 1026 3357 preclariffimt
1068 3265 1108 3331 cri
1137 3259 1211 3358 fiiis
1245 3255 1507 3353 rraorulipatiriib⁹

292 3356 340 3431 orl
372 3357 472 3456 nostri
506 3354 706 3455 iustrullioui
735 3356 930 3451 pulcerrime
964 3357 1130 3448 appulsis.
1197 3354 1374 3453 Impreffus
1404 3352 1510 3428 Anno

282 3452 416 3554 [calatis.
443 3451 500 3527 M.
515 3478 597 3527 cccc.
612 3448 754 3530 lxxxix.
777 3449 900 3524 decimo
920 3447 1078 3525 kalendas
1103 3449 1259 3549 Augusti.

89 3654 239 3813 xxti.
267 3642 486 3801 Cornutus
507 3705 705 3830 magistri
734 3703 935 3817 &onereris
961 3706 1011 3796 ac
1046 3704 1326 3797 Gaulaudrix.
1388 3704 1610 3821 Hagenoae
1629 3734 1707 3823 per

207 3826 447 3919 Hemicum
475 3825 589 3913 Gran
622 3843 745 3935 1489.
780 3824 822 3908 in
853 3851 897 3933 4.

251 4016 375 4094 Verba
395 4016 475 4093 haec
493 4016 660 4113 legantur
679 4015 716 4089 in
764 4013 976 4114 rimaprimi
995 4014 1068 4091 solii
1087 4013 1214 4111 pagina
1235 4016 1382 4109 gothico
1410 4013 1609 4092 charadere
1627 4038 1707 4093 ma·
1768 4006 1771 4013 ’

89 4116 226 4221 juscuio
243 4112 414 4225 impressa.
490 4096 590 4188 Folio
625 4038 796 4222 secundo,
832 4113 928 4208 quod
952 4111 1210 4208 inscriptionem
1230 4111 1357 4199 habet,
1384 4113 1514 4188 Folium
1542 4115 1709 4207 primum,¹

87 4216 217 4312 incipit
234 4211 381 4285 editorrs
404 4209 461 4287 seu
481 4222 774 4285 commentatoris
794 4209 955 4304 ptaesatio
977 4207 1036 4282 seu
1050 4208 1229 4302 prologus.
1279 4212 1425 4286 Partem
1448 4210 1555 4283 huius
1576 4212 1703 4305 operis,

87 4311 190 4419 quod
212 4307 296 4387 lolio
341 4318 443 4381 uarto
465 4304 681 4396 (secundum
705 4304 964 4401 inscriptionem
995 4305 1044 4379 est
1071 4304 1204 4380 Folium
1235 4302 1408 4402 Tercium)
1433 4307 1573 4401 incipit,
1595 4306 1709 4397 longe

84 4408 301 4503 minimam·
354 4402 461 4476 rciunt
488 4401 640 4490 audiaris
673 4402 848 4490 carmuaa,
873 4401 932 4476 seu
961 4401 1140 4481 sententiae
1172 4402 1350 4492 morales,
1374 4424 1524 4503 quarum
1555 4398 1703 4491 singulae

24 4581 30 4591 ,
136 4498 304 4587 mendo
317 4494 413 4627 Ffs‘·
429 4494 507 4575 ΙΙΙ.
904 4497 934 4577 S
1309 4518 1312 4523 ’
1567 4494 1657 4568 duo·
