3644 4964
752 182 1074 307 ἓξὲξ
1639 228 1719 317 129

92 395 153 473 sub
177 390 362 469 schemate
384 385 548 473 viatoris,
573 387 671 483 ligno
690 387 795 466 incisa
813 390 1041 486 conspicitum
1070 416 1139 491 qua
1164 397 1209 474 de
1231 396 1387 493 imagine
1404 392 1491 473 mox
1509 395 1623 475 dicam
1638 401 1729 498 plu·.

81 477 202 569 'ribus
257 484 366 560 Nunc
386 495 530 561 tantum
546 484 661 570 addo,
690 484 843 563 eandem
865 489 1061 583 imaginem
1085 494 1122 567 in
1146 496 1263 569 aversa
1291 495 1393 591 primi
1415 495 1489 569 folii
1508 498 1637 591 pagina
1653 521 1719 573 vo·

98 586 278 663 luminum
299 578 516 675 smgiiiorum
541 581 608 656 effe
625 584 829 678 expreffam.
864 583 978 659 folio
999 586 1151 663 secundo
1173 590 1369 665 quentariii
1389 589 1448 664 seu
1466 590 1577 665 index
1600 608 1717 675 mate·

98 684 232 759 maram
257 677 501 773 alphabeticus
526 678 664 775 incipit,
693 680 839 774 gothico
861 679 1065 757 charactere
1087 686 1124 758 in
1149 686 1286 762 duabus
1315 684 1490 761 columnis
1514 687 1732 767 firmiffimae'

98 780 238 857 chartae
261 772 461 869 impressus,
490 772 528 849 δε
550 775 585 848 in
605 790 732 871 quarta
756 775 925 851 columna
944 778 1020 852 folii
1045 781 1156 856 attavi
1180 782 1420 879 quaternionis
1439 780 1474 855 G
1493 785 1717 862 terminatus.

101 879 145 969 iii
166 874 283 968 prima
314 869 387 943 folii
413 868 589 964 sequentis
626 871 754 967 pagina
786 872 917 965 legitur
944 870 1062 973 Prima
1084 901 1169 972 pars
1194 884 1294 977 operi
1314 874 1491 980 {johannis
1522 874 1651 977 Gerson
1672 879 1733 958 scs·

100 972 232 1065 Incipit
253 967 312 1040 seii
332 966 452 1061 potius
476 988 561 1040 mox
586 965 745 1063 seqnitur.
835 968 874 1040 in
905 970 1023 1045 averia
1036 976 1089 1067 'pa
1116 974 1171 1049 'na
1191 974 1326 1051 autoris
1353 974 1474 1069 imago
1495 973 1594 1068 ligno
1613 976 1720 1057 incisa

101 1065 330 1161 conspicitur,
363 1058 465 1155 cujus
493 1062 766 1156 explicationem
789 1064 826 1136 in
851 1062 1025 1159 sequentis
1059 996 1134 1141 toiri
1161 1072 1289 1165 pagina
1321 1070 1434 1164 prima
1459 1068 1534 1164 post
1567 1072 1717 1147 antiocia

101 1162 286 1259 epistolam
312 1157 359 1232 ad
383 1157 528 1231 finirem
543 1158 639 1263 suum
654 1181 884 1255 germanum,
909 1160 1112 1256 johannem
1129 1164 1271 1242 Ordinis
1287 1165 1545 1249 celestinonum
1570 1166 1717 1266 sequen·

102 1274 162 1335 tes
186 1257 304 1334 verius
330 1255 523 1327 continent.
1672 1268 1674 1272 ’

263 1348 332 1422 Dic
349 1372 467 1444 precor
473 1395 488 1444 Ι
514 1349 568 1445 ifle
594 1352 667 1445 quis
685 1354 726 1450 est
747 1351 805 1446 qui
827 1352 978 1426 carmina
999 1352 1113 1428 condit
1133 1354 1208 1457 (sic
1220 1379 1283 1456 pro
1296 1356 1477 1451 condidit)
1501 1354 1563 1455 ista

267 1440 394 1519 Gratia
415 1468 529 1518 nomen
548 1448 598 1541 eis
623 1470 798 1543 cognomen
822 1446 862 1522 &³
881 1447 1011 1522 aduena
1025 1450 1111 1545 sicit

163 1618 166 1625 ,
266 1539 346 1639 Effe
366 1544 559 1637 peregrinus
574 1544 682 1641 fignis
705 1542 896 1639 agnoscitur
917 1547 1006 1640 aptis

270 1628 464 1805 Caffdoium
488 1635 628 1733 dextros
650 1639 784 1734 flirtum
808 1637 965 1736 dependit
986 1636 1029 1714 ab
1054 1666 1148 1717 armo

271 1733 309 1810 A
357 1735 446 1807 latus
470 1760 513 1831 op
535 1741 623 1808 uitii.
648 1735 763 1832 crisma
783 1748 882 1831 caput
907 1728 1105 1812 orbicularis

271 1830 398 1905 Piiieus
414 1758 570 1905 tinniit!
593 1831 682 1928 scier
707 1857 771 1928 quo
787 1832 895 1928 pellat
918 1832 959 1908 &
980 1830 1099 1908 imbres

266 1924 305 2001 A
316 1928 420 1999 uultu
438 1928 577 2027 infestor.
604 1926 782 2025 buculusq3
805 1941 888 2002 teres
908 1932 996 2026 regit
1016 1943 1111 2004 artus

271 2021 394 2096 Ferrea
417 2026 471 2097 cui
488 2023 603 2120 rusius.
635 2028 783 2099 munitur
800 2024 887 2121 sura
913 2040 1050 2099 coturno

275 2116 410 2194 Struma
439 2119 513 2193 iaia
531 2121 640 2217 gerit!
656 2120 797 2218 saphiro
816 2120 921 2195 cetam
936 2122 1052 2219 sereno

275 2213 443 2289 Concolor.
473 2217 526 2289 tic
554 2242 637 2291 auro
657 2217 748 2314 septi
774 2216 910 2293 radiare
931 2218 1083 2314 pinnatus

275 2309 466 2407 inspiceres.
493 2313 597 2387 medio
621 2339 679 2387 cor
701 2327 879 2411 pennatum
904 2315 993 2389 uelut
1018 2315 1107 2410 ignis

274 2407 420 2483 Emicat.
449 2421 481 2482 et
504 2408 583 2483 timu
606 2411 707 2484 rutilo
718 2413 834 2510 fignat
858 2413 894 2483 in
917 2434 1001 2485 auro

276 2503 312 2579 E
336 2505 388 2599 ide
410 2505 572 2601 prutetius
597 2506 659 2580 bac
683 2506 803 2608 hostica
828 2506 895 2580 teia
923 2505 1080 2580 retundit.

274 2533 346 2674 iiic
366 2608 382 2689 (
392 2623 459 2697 pro
482 2604 561 2694 nec)
587 2615 678 2677 curet
698 2603 847 2701 angelica
869 2601 972 2677 duca!
991 2601 1054 2699 sed
1085 2622 1165 2675 caro
1187 2597 1307 2699 vistim
1333 2599 1435 2701 obtat

277 2695 420 2773 Sedulus
439 2696 525 2771 iiunc
545 2701 675 2773 catulus
698 2711 743 2773 ut.
759 2696 904 2772 thobiam
928 2699 1105 2772 comitatur
1150 2716 1153 2721 ’
1307 2728 1312 2741 ’

284 2790 411 2891 Gerson
437 2796 533 2890 origo
547 2795 640 2890 ficit,
668 2797 729 2868 dat
753 2795 972 2868 camelarius
998 2797 1086 2868 aimo

279 2888 407 2988 Latinis
430 2893 553 2986 quinq3
576 2890 705 2988 gradus
717 2891 827 2992 studio
852 2889 914 2965 tibi
934 2892 1133 2988 parifiarum

115 2987 161 3061 in
178 3007 223 3060 ea
246 3008 306 3060 em
372 2987 457 3082 gina
475 2990 596 3082 incipit
616 2986 819 3086 Co‘prndiofir
841 2988 916 3061 iaus
936 2984 1081 3089 Joitnis
1102 2979 1203 3083 (sic)
1230 2981 1271 3057 de
1294 2983 1412 3084 gerson
1440 2982 1644 3080 Cumeiiarij
1660 3005 1728 3093 pa·

116 3080 245 3179 ristifis.
332 3080 412 3178 ujus
448 3086 601 3159 encomii
636 3084 758 3161 audior
792 3084 843 3160 est
863 3086 990 3159 Petrus
1008 3084 1165 3159 Schutus
1186 3077 1512 3177 argentoratensis.
1539 3093 1580 3154 ut
1594 3104 1640 3153 ex
1652 3078 1730 3153 edi·

118 3179 217 3251 tione
239 3201 386 3274 operum
409 3180 576 3255 Gersonis
598 3206 691 3256 aimo
718 3204 820 3276 15¹3·
843 3180 1072 3277 Argentorati
1093 3176 1184 3253 faria
1201 3178 1379 3255 discimus.
1435 3178 1540 3255 Conf.
1561 3174 1731 3251 Weisliii·

121 3295 187 3366 ger
208 3271 471 3350 armamenta:
490 3277 629 3351 Cathoi.
652 3300 733 3373 pag.
750 3294 832 3376 487.
895 3279 934 3351 ln
955 3279 1025 3356 iioe
1047 3274 1152 3371 hujus
1174 3275 1430 3372 compendiosae
1450 3274 1565 3349 laudis
1584 3271 1617 3346 se
1643 3294 1733 3345 uen-

120 3369 175 3444 tia
198 3369 379 3465 legimur,
401 3385 496 3446 certe
520 3386 645 3448 notatu
668 3376 791 3468 digna:
825 3372 919 3446 Inter
939 3372 995 3444 hec
1017 3378 1077 3445 ait
1104 3393 1167 3476 apa
1192 3371 1269 3445 licet
1297 3372 1458 3444 nmnnua
1474 3371 1591 3468 fint'q
1647 3364 1730 3439 oi’ir

120 3462 163 3537 da
183 3464 302 3562 gerfim
323 3477 366 3539 nd
388 3464 446 3568 effa
467 3470 655 3567 ueristmiii’
672 3471 718 3569 sit
741 3482 777 3543 at
800 3476 816 3540 i
840 3465 981 3541 tratiat’
1003 3476 1096 3540 citra
1124 3469 1346 3561 apprieturius.
1375 3465 1414 3541 S.
1437 3466 1601 3563 augustini
1628 3460 1732 3559 Copi-

122 3558 215 3634 dium
239 3560 406 3659 ueotogr‘e.
428 3561 538 3661 sernia
567 3566 608 3638 de
632 3575 789 3662 cocepto't.
815 3585 830 3643 t
847 3565 879 3661 fi
908 3563 1024 3659 ipi‘es
1047 3562 1229 3658 rep-riant‘
1243 3568 1281 3635 ti
1299 3583 1333 3656 qi
1355 3561 1460 3634 nutiot
1478 3563 1547 3634 a1i⁹
1575 3568 1617 3633 nd
1639 3568 1733 3650 pate·

124 3655 182 3730 but
205 3656 266 3774 ἱζο
296 3658 368 3774 ioca
386 3657 461 3830 liro
501 3662 656 3774 piteriit.
714 3659 794 3734 Alii
816 3666 875 3779 ait
901 3658 1047 3773 tratiati
1074 3658 1096 3756 ᾅ
1118 3654 1185 3753 fiir·
1214 3666 1257 3729 nd
1287 3648 1405 3751 nunu]
1429 3653 1600 3729 tribuunt.
1623 3650 1664 3748 sa
1696 3652 1734 3724 tr'i

127 3751 254 3829 anton
272 3767 365 3829 cartu
409 3768 447 3830 nt
515 3754 794 3856 testlrbeiiurde
807 3768 933 3851 cotrptu
955 3753 1066 3829 nudi!
1090 3749 1175 3850 (seu
1193 3766 1234 3825 ut
1247 3752 1559 3849 nuncpleiiimque
1573 3762 1736 3833 uocauit,

127 3862 394 3939 deimitatione
415 3864 568 3957 Christi)
637 3872 653 3938 ἰ
679 3870 779 3960 cdflat
806 3891 828 3939 a
856 3858 923 3963 idai
947 3861 1059 3936 thoma
1083 3861 1240 3935 canonico
1262 3860 1412 3956 regulari
1432 3858 1542 3953 edituis
1570 3854 1647 3967 pie'r
1675 3852 1736 3925 aiii

122 3966 167 4031 rid
186 3957 248 4053 sut
276 3954 373 4069 oniba
395 3956 520 4058 inserti.
624 3966 682 4037 erui
706 3972 749 4036 no
770 3962 855 4036 uuili
880 3960 928 4035 ad
944 3959 1047 4055 finem
1072 3955 1143 4059 uuir
1181 3979 1239 4052 epp
1271 3956 1500 4067 conformitati
1523 3965 1739 4065 materiarum

117 4051 295 4153 subiuniir'.
345 4056 440 4131 Tum
462 4058 669 4137 immediate
690 4057 843 4154 sequitur
863 4057 1052 4131 Annotatio
1074 4053 1212 4129 titularii
1237 4057 1337 4143 operti
1364 4050 1504 4127 dotioru
1523 4046 1740 4163 ciirrstrunrffl·

127 4154 174 4226 nii
194 4150 264 4227 dic.
277 4150 346 4227 dic.
368 4151 428 4228 seu
447 4154 622 4239 indiculus
652 4154 867 4251 singidurum
898 4154 1127 4236 trattatuum‚
1158 4149 1197 4226 dt
1217 4149 1389 4262 librorum
1416 4149 1475 4261 qui
1495 4150 1608 4259 tribus
1631 4144 1741 4229 huius

128 4248 295 4359 editionis
315 4249 554 4361 voluminibus
574 4252 808 4327 continentur.
851 4251 900 4324 'ln
920 4250 1036 4361 prima
1055 4248 1203 4361 demum
1224 4266 1353 4340 pagina
1370 4244 1443 4318 folii
1490 4256 1578 4318 iimti
1601 4253 1744 4337 quater·

130 4362 250 4416 monis
273 4366 296 4416 a
320 4340 526 4443 Inapiunto
549 4366 606 4420 eru
627 4346 820 4425 ttraiiatur
844 4339 1161 4455 mogrsirrssJoirdmr
1177 4340 1217 4413 de
1232 4336 1357 4448 Gerson
1373 4338 1442 4413 dic.
1497 4362 1528 4417 c.
1578 4332 1744 4448 impred'a

62 4476 71 4485 ·
131 4436 212 4513 sunt
234 4440 384 4535 gothico
404 4370 606 4521 citrariae
626 4444 665 4520 in'
687 4445 825 4522 duabus
847 4443 1026 4520 columms
1052 4439 1184 4515 charus
1214 4432 1423 4512 fimntsmae.
1501 4436 1746 4536 inscriptiones

97 4566 105 4573 '
585 4562 592 4577 '
956 4604 959 4611 -
1598 4544 1696 4619 Pagi·
