3644 4964
739 126 1062 321 ss
1105 286 1112 301 ,
1635 124 1748 316 ιςιΙ

49 378 441 497 clxxxviii.
470 384 593 477 sixti.
612 382 701 481 lv.
727 382 781 482 R,
809 383 851 475 P.
874 380 1183 475 Bulla'contra
1214 384 1502 481 Laurentium
1517 388 1590 480 de
1623 388 1728 481 Me·

215 510 349 613 dicis,
373 502 559 621 ejusque
583 498 758 591 affectas
778 498 971 590 Nicolao
998 504 1052 589 de
1078 500 1255 593 Vitellis
1281 505 1725 611 civitatiacastellum,

211 624 366 711 urbem
394 616 632 733 pontificiae
663 618 845 704 ditionis
875 615 931 701 ad
970 614 1259 704 rebellionem
1287 620 1550 723 concitanti,
1590 642 1726 733 opem

213 734 409 827 fetentes
423 736 568 838 edita,
591 756 676 843 qua
690 730 758 817 his
774 728 951 845 quidem
964 752 1120 845 poenas
1136 749 1225 821 tam
1240 730 1571 844 ecclelialiicas,
1598 756 1730 849 quam

124 858 131 869 '
214 842 566 960 civileeinfligit.
602 844 647 933 in
675 872 718 953 4.
742 848 849 940 min,

259 1042 368 1121 Bulla
385 1037 509 1137 incipit
525 1035 605 1115 ime
625 1038 698 1115 ullo
721 1038 826 1115 titulo
851 1038 968 1115 verbis
991 1034 1163 1119 mus
1179 1040 1199 1141 (
1209 1040 1359 1140 Sixtus)
1397 1042 1583 1144 EpaYcopns
1604 1042 1727 1144 sernia

87 1140 220 1240 'satana
239 1140 293 1219 dei
314 1138 386 1216 dcc.
435 1133 601 1233 Imprelia
626 1134 678 1211 est
698 1132 846 1233 gothico
873 1136 1077 1214 charattete
1097 1161 1283 1216 aromauo
1310 1144 1468 1238 quodam
1489 1143 1726 1240 typographo,

90 1232 143 1311 ‘ut
155 1236 322 1323 videtur,
349 1236 390 1313 dt
412 1233 507 1310 forte
529 1234 659 1310 eodem
683 1255 795 1319 anno,
824 1252 895 1331 quo
915 1233 984 1309 fuit
1006 1235 1113 1311 edita.
1178 1236 1327 1313 Constat
1350 1238 1408 1316 lex
1431 1240 1545 1325 foliis,
1574 1262 1730 1336 quorum

108 1332 276 1429 primum,
303 1334 375 1411 ime
395 1331 504 1407 dubio
526 1354 698 1411 vacuum,
727 1330 765 1405 in
790 1330 908 1407 nostro
929 1332 1124 1429 exemplari
1148 1332 1254 1409 deest.
1303 1333 1365 1410 Ad
1389 1337 1524 1415 calcem
1548 1336 1585 1410 in
1607 1335 1729 1416 averia

114 1428 282 1509 {anatolii
331 1430 440 1527 agina
465 1428 613 1524 legitur:
654 1425 785 1501 Datum
810 1424 916 1503 Rome
940 1425 1034 1526 opud
1046 1426 1197 1526 santium
1219 1426 1356 1506 Patrona
1378 1458 1467 1508 anno
1490 1434 1730 1507 incarnationis

119 1520 263 1604 dominice
334 1528 477 1627 iilejimo
490 1524 808 1622 quadringenttfimo
820 1522 1061 1625 septungefimo
1084 1525 1196 1601 atauo
1219 1525 1286 1606 tat.
1308 1526 1420 1635 Junii
1434 1530 1655 1630 Pontificum
1669 1554 1728 1605 no·

114 1622 170 1721 μή
188 1654 270 1701 aaran
284 1626 438 1724 saptiam.
488 1623 557 1697 His
588 1622 740 1793 subjeiiqa
764 1622 844 1698 haec
869 1636 1010 1792 tantiam
1032 1623 1219 1719 leguntur:

724 1722 824 1794 intas.
852 1744 914 1793 ma
971 1743 1023 1795 on.
1050 1743 1143 1793 aiax.

120 1814 169 1897 Cl.
187 1821 226 1899 P.
247 1816 445 1897 Audiiiredi
472 1816 609 1892 nullam
628 1815 739 1915 hujus
762 1816 882 1893 Bullae
902 1818 1125 1894 mentionem
1151 1815 1248 1895 feeit.

114 2002 387 2159 ccxxxix.
423 1996 630 2177 Stephani
652 2055 844 2172 arianen
874 2052 988 2144 Anu
1025 2055 1157 2146 aaran
1173 2050 1322 2176 sermo
1362 2059 1543 2151 ananias
1572 2036 1618 2151 n
1646 2089 1733 2154 aa

221 2180 335 2268 tario
369 2171 474 2281 fidei
514 2184 638 2261 cotra
678 2166 847 2291 Tarm
869 2168 1129 2293 plicatione
1174 2195 1227 2257 ex
1253 2170 1518 2283 solennitate
1545 2172 1733 2295 gloriosi

220 2293 359 2419 npl'in
381 2282 598 2406 entgalille
620 2280 848 2394 molonis.
867 2318 931 2375 un
965 2313 1005 2394 4.
1036 2286 1145 2386 min,
1805 2328 1810 2335 ·

268 2486 364 2564 Haec
387 2486 425 2561 in
443 2485 562 2560 fronte
584 2484 751 2579 leguntur'
771 2479 945 2578 opusculi,
975 2478 1072 2577 quod
1100 2480 1300 2559 charatiore
1330 2483 1475 2579 gothico
1509 2484 1735 2563 minutissimo

102 2586 333 2689 pereleganti
354 2581 556 2679 impressum
579 2581 790 2657 tenniuatnr
812 2581 848 2653 in
870 2582 984 2676 prima
1005 2581 1121 2675 quarti
1146 2578 1222 2653 folii
1248 2582 1389 2677 pagina.
1468 2583 1508 2655 ln
1535 2582 1662 2658 eadem
1683 2583 1737 2659 le·

103 2687 254 2787 quentia
287 2684 453 2777 leguntur
489 2678 691 2774 subscripta:
734 2674 865 2749 Habita
881 2677 955 2771 fait
977 2673 1041 2749 inec·
1054 2678 1162 2750 oratio
1185 2674 1289 2749 Rome
1318 2680 1354 2750 in
1387 2677 1517 2776 ecciefia
1542 2676 1736 2754 Luternneii

100 2808 179 2884 per.
202 2794 244 2870 ll.
267 2806 303 2879 p.
323 2786 401 2852 nim
419 2773 620 2872 Stephanum
652 2770 873 2870 Tiegiintinm
893 2771 1057 2870 urciiep'lm
1081 2770 1274 2846 Antiborei
1298 2786 1336 2849 nt
1357 2777 1459 2848 moris
1477 2779 1518 2873 est
1533 2776 1568 2848 in
1589 2772 1734 2848 celebra·

107 2883 202 2957 tione
221 2876 307 2977 nntffi
326 2872 438 2974 potifi.
458 2876 493 2945 in
518 2869 571 2944 die
586 2868 800 2969 solennitatis
819 2872 956 3046 810νὶῗέ
979 2870 1061 2967 npl’i
1082 2891 1095 2948 2
1121 2869 1313 2970 euangelista
1333 2866 1500 2974 ffoidnis.
1536 2871 1642 2946 Anno
1664 2870 1735 2949 dii.

107 2977 328 3057 Mcctclxxx
349 2970 571 3069 Pontiicatns
593 2992 681 3043 vero
703 2964 742 3045 S.
759 2969 793 3042 d.
809 2994 843 3043 n.
860 2968 894 3044 d.
944 2971 1013 3043 ixti
1029 2992 1127 3065 pape.
1149 2971 1212 3042 iiii.
1236 2993 1323 3044 anno
1343 2968 1477 3044 decimo.
1527 2968 1582 3046 Cl.
1601 2968 1642 3044 P.
1658 2964 1737 3043 Au·

104 3072 252 3153 diffiedi
282 3068 390 3167 hujus
423 3067 588 3145 editionis
626 3090 698 3141 non
728 3067 914 3143 meminit:
956 3067 1130 3143 excitavit
1166 3087 1250 3141 vero
1293 3091 1374 3165 pag.
1400 3072 1478 3163 24⁶.
1509 3068 1617 3143 aliam
1643 3066 1738 3162 ejus·

107 3174 201 3247 dem
221 3169 433 3251 editionem,
463 3164 523 3240 sex
547 3163 639 3238 foliis
659 3162 899 3249 constantem,
924 3166 962 3239 in
993 3187 1083 3261 qua,
1111 3188 1193 3239 cum
1227 3178 1352 3240 notam
1385 3166 1471 3241 anni
1496 3160 1737 3240 Nlcccclxxxt.

67 3276 71 3281 '
108 3272 287 3366 (1481.)
310 3286 387 3437 spro
422 3258 638 3337 Mececssxxx
665 3258 833 3357 (1480.)
859 3274 900 3333 ut
920 3261 1014 3337 nette
1039 3262 1077 3334 in
1101 3261 1215 3335 nostra
1246 3260 1403 3336 editione
1433 3262 1579 3357 legitur,
1609 3257 1738 3335 finilire

287 3387 310 3438 o

108 3365 237 3461 ntique
323 3376 409 3437 utam
429 3358 646 3438 observaret,
668 3380 781 3440 novo,
806 3373 846 3431 ut
870 3359 1029 3443 videtur,
1053 3378 1169 3434 errore
1188 3380 1252 3454 pro
1267 3356 1488 3456 Pontificatus
1502 3372 1558 3413 ¹-
1578 3400 1624 3413 -·
1649 3380 1738 3433 anna

110 3462 241 3540 decimo
261 3386 459 3557 iegendum
475 3454 593 3532 statuit
613 3451 783 3529 undecimo

114 3676 251 3777 CXC.
289 3668 405 3767 Petri
438 3669 581 3790 Marfi
603 3677 892 3796 panagpricnt
925 3672 1147 3768 innocitio
1175 3672 1328 3766 nitano
1363 3668 1442 3766 Po.
1468 3666 1598 3766 Max.
1624 3668 1738 3763 dita·

148 3924 154 3933 ι
233 3805 308 3883 tus
332 3794 379 3901 in
410 3790 663 3881 memoriam
686 3786 832 3907 juniii
866 3790 1100 3904 &intonuit
1133 3782 1396 3907 euangelista.
1430 3789 1475 3874 in
1509 3816 1551 3895 4.

285 3986 406 4065 Verba
423 3987 506 4063 haec
530 4010 619 4063 mox
645 3986 717 4083 ipsa
738 3987 869 4085 excipit
891 3986 1034 4086 epistola
1055 3984 1294 4073 dedicatoria,
1322 4008 1369 4061 ex
1391 4006 1461 4080 qua
1485 3980 1647 4057 discunus
1661 4002 1743 4061 ota·

112 4092 254 4168 tionem
278 4085 425 4162 al'etro
448 4084 581 4169 Matio,
606 4084 754 4183 publicis
777 4088 931 4182 negotiis
951 4086 1122 4182 impedito
1153 4084 1314 4160 habitam
1342 4082 1486 4177 quidem
1519 4103 1591 4153 non
1625 4077 1742 4163 fuisse,

112 4202 162 4263 ut
180 4179 398 4285 propositum
419 4194 517 4267 etat,
543 4183 680 4257 editam
698 4196 821 4257 tamen
845 4180 941 4257 suilie
964 4207 1059 4257 anno
1087 4181 1199 4276 primo
1223 4178 1269 4253 sc.
1294 4193 1398 4276 1484.
1427 4174 1662 4252 Pontificatus
1684 4175 1743 4249 In·

113 4286 277 4364 nocenti
302 4277 396 4353 Vlll.
463 4277 591 4375 Incipit
619 4279 731 4353 oratio
752 4280 789 4353 in
812 4279 931 4353 aversa
953 4278 1118 4375 ejusdem
1141 4276 1216 4352 solii
1236 4276 1341 4374 primi
1364 4272 1515 4371 pagina,
1538 4268 1745 4365 &gattico

115 4381 325 4457 chataiiere
346 4374 472 4452 suberi
496 4372 655 4471 imprelia
674 4375 711 4447 in
732 4375 853 4449 aversa
873 4375 961 4453 sexti
980 4375 1054 4454 folii
1074 4374 1203 4473 pagina
1218 4372 1439 4452 temdnatut.
1488 4366 1545 4448 Cl.
1562 4365 1604 4447 P,
1618 4362 1748 4439 Audis-

114 4478 216 4563 ixedi
231 4474 405 4585 reiusdem
429 4472 596 4552 meminit
621 4493 704 4573 pag.
730 4484 815 4561 428.
1570 4552 1689 4633 CXCI
1723 4564 1726 4569 Ι
