3644 4964
95 112 183 251 '42
779 127 1101 247 ψ

129 338 258 413 decimo
282 333 418 411 sirarios
443 331 502 412 Au
529 330 588 433 resti
617 328 741 433 illustri
763 357 825 406 uuo
852 330 894 409 si
924 331 1123 433 iuuid'sfflmo
1158 328 1252 407 Diuo
1280 323 1446 433 johanne
1475 328 1609 433 Guleog
1637 336 1755 419 morsa

119 436 253 535 ssoriio
273 435 343 506 uice
364 434 477 506 comite
500 358 680 528 insubriug
747 456 803 503 erce
823 428 923 525 sexto
938 430 1034 523 felici
1056 454 1120 503 emo
1147 430 1337 525 imperante.
1403 432 1589 528 Interjesio
1615 440 1754 533 exiguo

129 533 241 610 satio
262 531 393 626 legitur
411 530 449 603 in
468 527 598 603 eadem
618 526 803 601 columna:
831 521 1018 619 Sequuntur
1038 524 1209 623 deerfiones
1226 536 1359 605 netues.
1399 528 1527 605 „Porro
1552 531 1754 609 decisiones

128 631 145 705 i
228 627 397 722 incipiunt
418 628 455 701 in
476 624 595 701 aversa
615 623 746 719 pagina
769 622 844 697 folii
870 620 1051 719 ejusdem,
1080 622 1225 717 suntque
1243 621 1413 717 impressae
1437 624 1557 723 Papiae
1580 648 1645 723 per
1665 654 1754 705 eos·

129 720 238 808 dem.
261 721 338 805 sed,
368 736 408 796 ut
427 723 475 797 ad
489 720 634 796 ¹calcem
655 720 847 794 eanmdern
861 718 1006 814 legino.
1032 719 1142 817 praelo
1155 719 1309 816 primurn
1330 721 1490 796 exierunt
1508 720 1646 797 decimo·
1663 730 1756 822 epte'o

130 818 268 897 calidos
285 815 421 921 Julius.
450 821 606 913 1436..
632 816 782 911 ideoque
813 817 953 909 integro
984 816 1097 890 senne
1130 836 1222 889 anno
1252 813 1327 909 post
1348 810 1539 893 decisiones
1559 842 1620 895 mo
1647 845 1757 899 ore·

131 914 297 994 cenius.
320 976 323 983 .
360 916 442 991 Illas
465 912 620 987 recensui
635 912 683 988 ad
707 936 790 987 ann.
819 918 920 1007 1486.
944 909 989 986 N.
1006 910 1086 985 Xll.
1149 911 1242 986 Sunt
1263 911 1369 1005 igitur
1387 916 1505 989 ambre
1527 916 1754 995 recensiones

93 1055 97 1063 ·
129 1019 225 1091 ¹intur
247 1012 280 1085 se
299 1011 534 1087 conserendae.
560 1086 565 1095 ,
586 1008 710 1082 Nescio
734 1008 821 1105 quid
844 1007 957 1082 causae
979 1008 1103 1093 suerit,
1130 1029 1192 1081 cur
1215 1006 1417 1087 Decifiones
1444 1010 1516 1085 istae
1538 1014 1678 1109 integro
1699 1017 1756 1091 fe-

134 1136 173 1187 re
194 1133 288 1184 armo
307 1107 511 1203 postmodo
529 1103 718 1180 recensitas
741 1104 942 1199 prodierint.
995 1102 1111 1181 Moles
1136 1116 1232 1177 certe
1259 1116 1358 1178 tanta
1383 1106 1542 1191 nonest,
1568 1126 1610 1183 ut
1629 1112 1756 1207 impri-

130 1209 184 1284 mi
210 1204 415 1279 continuato
444 1223 507 1300 per
531 1200 666 1296 aliquot
695 1198 939 1275 hebdomadas
970 1199 1090 1275 labore
1118 1224 1190 1272 non
1218 1197 1320 1272 facile
1340 1202 1529 1310 potuerint
1579 1204 1758 1285 Constant

114 1305 230 1379 enim
246 1323 319 1373 non
337 1296 396 1371 nisu
409 1324 541 1375 noveru
554 1295 981 1394 plagulorurnsasciculis,
1006 1295 1121 1371 ternis
1142 1295 1180 1371 de
1195 1307 1391 1390 quaternus,
1416 1297 1491 1375 irno
1514 1300 1625 1378 etiam
1645 1303 1758 1381 duur*

132 1401 191 1475 uls
211 1408 361 1473 tanturn

41 1748 46 1755 ·
140 1704 286 1799 ilLll.
316 1696 449 1815 Orsus
484 1702 634 1791 breues
661 1696 953 1792 decretalium.
1011 1696 1212 1790 Colonia
1246 1724 1325 1817 per
1354 1698 1597 1815 Jobauuem
1628 1702 1760 1798 Koel·

249 1815 354 1906 hoff.
391 1841 513 1931 1485·
546 1817 592 1904 in
619 1813 721 1902 sol,

295 2032 414 2109 Verba
436 2027 543 2125 Caseus
562 2028 631 2105 dcc.
660 2026 827 2122 leguntur
857 2036 997 2103 tantum
1027 2024 1065 2099 in
1125 2024 1212 2104 rirna
1236 2028 1310 2105 solii
1329 2024 1433 2126 primi
1455 2026 1582 2125 pagina
1603 2031 1758 2127 gothico

130 2127 340 2209 timuere
365 2124 555 2223 majusculo
578 2120 746 2221 impressa.
798 2124 877 2196 Duo
902 2122 1076 2217 sequentia
1098 2047 1183 2199 solia
1210 2125 1335 2198 titrrlos
1362 2124 1531 2200 librorum
1555 2130 1756 2206 continent.

133 2231 273 2315 Quarto
298 2224 380 2298 folio
403 2246 491 2318 opus
518 2221 630 2317 ipsum
653 2220 773 2314 incipit
797 2220 835 2291 in
857 2218 993 2291 duabus
1019 2218 1194 2293 colrunnis
1216 2221 1362 2315 gothico
1384 2220 1582 2299 clrmndere
1607 2223 1657 2299 im
1699 2226 1757 2299 es-

135 2324 224 2399 sum.
273 2322 394 2396 Habet
409 2319 621 2414 signatores,
647 2315 685 2391 dr
698 2315 908 2412 paginarum
921 2313 1177 2407 inscriptiones,
1206 2340 1236 2390 e
1251 2340 1286 2409 g.
1313 2314 1417 2392 Liber
1438 2325 1559 2412 quoei’
1576 2320 1631 2393 De
1665 2345 1757 2418 pon·

128 2415 261 2518 solibus
287 2420 321 2489 iu
343 2427 418 2491 aot.
470 2413 577 2489 Caret
606 2435 691 2488 vero
716 2410 875 2486 numeris
901 2409 1128 2505 paginamm.
1155 2412 1346 2491 initialibus
1371 2413 1518 2500 litteris,
1545 2415 1583 2491 dt
1602 2418 1760 2495 custodi·

137 2518 214 2595 bus.
267 2514 307 2587 ln
328 2512 398 2587 fine
419 2511 518 2609 plura
539 2510 705 2605 leguntur
726 2507 775 2583 ad
800 2506 934 2603 operis,
965 2504 1003 2581 δι
1028 2505 1135 2601 hujus
1160 2509 1354 2602 praesertim
1383 2509 1548 2587 editionis
1567 2536 1761 2591 commen·

134 2614 329 2724 dationem„
379 2608 663 2721 Clauditurqbaec
684 2602 878 2715 subscriptio
902 2603 1021 2719 verbis
1036 2602 1124 2677 istis:
1156 2605 1302 2701 artificio
1321 2630 1361 2679 uc
1382 2602 1645 2781 nvoiyosionuis
1665 2608 1758 2685 loet-

134 2707 216 2806 ruff
228 2734 264 2781 ru
285 2706 378 2781 dena
398 2730 439 2780 oc
450 2701 664 2819 florideffuoa
684 2700 890 2799 ouruusuue
916 2695 1030 2774 Colon
1052 2698 1239 2800 emprefflrm
1260 2705 1303 2803 ess
1322 2700 1427 2779 Auno
1472 2728 1573 2779 ornent
1590 2704 1648 2783 Μ.
1668 2732 1757 2785 cccc.

136 2806 265 2887 sturno.

139 3102 310 3197 llLlsl.
345 3096 565 3190 Loouurdi
588 3098 718 3187 Bruni
737 3099 896 3208 (uulgo
927 3096 1133 3212 Arusini)
1167 3096 1358 3191 Historia
1384 3097 1553 3195 suorum
1581 3122 1760 3226 tempos

254 3240 362 3305 rum.
389 3211 689 3329 (lloruitcirc.
710 3214 765 3298 ab
794 3238 893 3309 ann.
920 3238 1031 3327 1370
1047 3268 1095 3283 -
1117 3217 1254 3330 1444)
1273 3214 1477 3309 Veneriis
1505 3222 1760 3333 1485,in4;

299 3435 341 3511 ln
367 3433 485 3513 fronte
505 3434 659 3548 opusculi
683 3432 891 3606 euplitalibus
914 3434 1024 3547 literis
1042 3433 1242 3532 impressum
1260 3436 1409 3533 legitur:
1436 3436 1635 3519 Leouordur
1659 3442 1760 3523 Are·

137 3536 228 3611 tinus
252 3530 306 3607 De
333 3527 549 3632 'limporiiur
569 3530 663 3610 Suu.
761 3555 824 3606 um
855 3531 1064 3608 unmednte
1090 3534 1241 3609 autloris
1275 3536 1310 3609 le
1337 3536 1405 3610 ‘tur
1428 3536 1612 3626 Praelatio,
1645 3565 1759 3639 quam

138 3635 176 3727 in
200 3632 328 3706 eadem
353 3633 483 3727 pagina
502 3630 635 3728 excipit
660 3627 772 3739 ipsum
793 3628 998 3798 opusculum
1023 3651 1172 3705 romano
1194 3632 1300 3707 chara
1333 3653 1393 3707 ere
1419 3630 1618 3712 firnnlsrnrae
1648 3639 1758 3719 obar-

137 3744 189 3804 tae
211 3724 420 3824 impressum.
485 3726 618 3802 Desunt
636 3725 788 3801 initiales
837 3740 925 3801 terae
946 3725 983 3799 in
1004 3724 1122 3801 doute
1141 3726 1375 3823 praelatiores,
1416 3726 1455 3805 δι
1478 3730 1583 3827 ipsius
1604 3736 1763 3832 opusculi

139 3825 322 3907 custodes,
348 3824 503 3909 numeri,
528 3824 566 3900 de
584 3822 822 3919 inscriptiones
842 3821 1059 3920 paginarum.
1107 3824 1256 3899 Constat
1274 3823 1477 3920 opusculum
1496 3828 1608 3904 tribus
1629 3830 1760 3929 plagu-

138 3921 254 3995 larum
276 3919 443 3997 fasciculis
467 3919 609 4017 figentis
635 3945 669 3996 a.
686 3923 721 3997 b.
735 3940 767 3997 c.
790 3940 940 4014 quorum
972 3921 1107 4015 prirnus
1137 3931 1349 4015 quatemus,
1382 3920 1554 3998 secundus
1578 3927 1758 4013 duemus.

139 4019 266 4091 tertius
286 4032 407 4093 ternrn
435 4017 495 4091 eil.
561 4018 600 4091 ln
619 4016 737 4091 aversa
761 4017 892 4112 pagina
916 4018 1087 4092 ternionis
1104 4015 1200 4093 istius
1220 4014 1297 4112 post
1316 4015 1452 4096 lineam
1472 4024 1627 4120 opusculi
1652 4025 1759 4123 qun·

137 4126 216 4187 tarn
236 4111 381 4209 sequens
401 4114 530 4212 legitur
549 4111 744 4208 subscriptio
767 4136 812 4187 ca
835 4113 976 4191 italibus
1002 4110 1162 4209 impressa
1183 4112 1313 4189 literis:

498 4206 595 4284 Rois
639 4206 766 4283 Libello·
842 4232 859 4281 e
908 4206 1119 4305 simporiius
1149 4232 1161 4281 τ
1227 4207 1401 4283 Leonordi

498 4302 646 4383 Aretias.
663 4301 836 4419 lmpreffur
864 4301 1406 4402 uouemuuunnalltoecc
1513 4334 1530 4351 ··

498 4400 701 4481 LXXXV.
726 4402 796 4479 Dee
853 4425 921 4480 ero.
944 4404 992 4482 V.
1022 4398 1233 4480 Februarii..
