3644 4964
221 374 308 444 rent
344 292 643 463 infrasrspsd
663 366 751 460 pro
791 346 977 437 tuitione
1008 346 1114 455 fides
1160 352 1366 447 catholice
1394 383 1445 449 erc
1484 362 1727 482 expulsione

226 462 406 577 iseacri
428 462 451 573 (
462 458 650 573 'l'urcae)
676 460 727 547 de
756 456 895 551 stolio
921 462 1026 551 diuo
1060 465 1190 555 siaiu
1220 462 1328 583 'q‘ero
1359 474 1561 590 pontifico
1585 484 1726 574 necas

218 608 288 671 erto
311 607 327 671 t
349 566 606 695 pientsffimo
637 568 934 693 concefforum.
969 577 1013 665 in
1043 608 1083 689 4.
1116 582 1222 676 mire.
1308 682 1320 703 ι

96 816 107 827 .
259 772 336 849 Hic
359 768 491 847 titulus
514 768 554 843 in
577 766 703 845 fronte
725 765 847 844 Bullae
872 768 1026 866 legitur,
1056 794 1140 871 quae
1162 777 1329 874 impressa
1350 780 1401 857 est
1420 782 1630 867 ‘charastere

63 857 204 949 thien
224 866 479 951 minutissimo,
506 865 545 943 dr
569 864 608 941 in
630 863 755 940 aversa
775 866 875 941 tertii
897 869 976 943 solii
1002 874 1136 968 pagina
1161 876 1391 953 terminatur.
1438 881 1535 959 Data
1557 885 1630 962 suit
1685 918 1723 964 o·

62 978 172 1041 moe
188 1004 227 1027 -
254 966 364 1043 -Anno
388 961 630 1072 incarnationis
658 961 753 1035 dr‘rr‘ce
771 960 945 1061 Misseſsmo
965 968 1283 1070 quadringensefimo
1297 975 1507 1076 assuagefimo
1517 980 1628 1077 pridie
1641 994 1716 1063 nori.

62 1048 290 1143 decembris.
315 1060 520 1158 Pontificct’
543 1064 600 1137 nri
627 1056 875 1171 nonodecimo.
921 1062 961 1139 In
983 1067 1103 1161 prima
1123 1066 1306 1163 sequentis
1327 1071 1407 1147 solii
1432 1078 1562 1169 pagina
1583 1078 1720 1175 legitur

61 1141 292 1241 Summum
315 1156 400 1235 besse
416 1155 629 1256 precedentis.
676 1154 780 1237 Nihil
793 1154 840 1235 de
853 1156 925 1234 hoc
946 1162 1136 1259 opusculo,
1160 1166 1226 1241 abs
1249 1166 1360 1244 dubio
1386 1172 1517 1249 Rornae
1537 1175 1705 1273 impresso

60 1240 596 1365 hantenpnuuffrea.
712 1342 717 1350 ,
1705 1240 1716 1275 ’

64 1530 399 1682 ῧῑΧΧῩΙΙῐ.
427 1538 656 1677 Leonessus
676 1540 943 1678 asnieregeesur
967 1540 1091 1663 apes
1111 1547 1285 1679 Aesarei.
1316 1550 1358 1641 S.
1379 1556 1420 1644 es.
1439 1584 1479 1647 ee.
1499 1586 1612 1679 popo
1632 1559 1713 1654 Re.

206 1664 423 1775 ferociora⁹
453 1660 646 1777 Georgeo
686 1655 966 1793 eeeejeasntro
1008 1662 1141 1748 rcrs’re
1175 1662 1319 1777 soniis
1349 1662 1467 1759 Perre·
1509 1672 1708 1785 Basti-seis.

209 1775 384 1981 'issi
404 1770 1625 2003 sss&esseniasitrrssssissessfpssae‘
1640 1796 1711 1921 ·³‘¹

207 1921 346 2132 pcesrffa
360 1998 432 2135 ⁰er
450 1996 623 2131 epistola
643 2025 723 2115 per·
750 1998 1044 2089 honorabilem
1060 2030 1078 2097 t
1094 1919 1288 2133 diseretio
1318 2032 1389 2096 nee
1407 1963 1499 2098 'mm
1523 1929 1713 2131 suzim.
1746 1977 1755 1989 ¹

198 2122 303 2325 {1¹st
326 2109 658 2343 titinnimnfssnjffm
682 2108 1005 2204 Bortsosoenert
1034 2110 1296 2209 Geraneae
1329 2122 1379 2212 ese
1406 2120 1543 2241 Sustp.
1587 2123 1709 2221 Lares

253 2434 294 2510 ln
317 2430 387 2507 hac
409 2426 557 2531 epistola
581 2426 667 2503 data
693 2423 799 2502 Rome
825 2448 885 2501 acu.
913 2424 968 2502 ss’.
992 2424 1186 2504 noaemsee's.
1213 2427 1463 2535 Mercesxrxij.
1512 2438 1708 2518 Leonellus

80 2526 337 2626 Chieregatus
357 2527 518 2621 Georgio
545 2525 717 2617 exponit,
747 2523 835 2618 quid
860 2524 933 2617 ipse
956 2523 1153 2599 sentiatde
1176 2530 1284 2602 novis
1308 2530 1439 2607 Turbis
1463 2534 1501 2607 in
1523 2536 1707 2613 Basrsiensr

82 2626 238 2708 ecclesia
263 2627 423 2709 exortis,
446 2620 627 2718 imprimis
645 2623 691 2694 de
705 2644 803 2695 novo
825 2621 961 2695 ibidem
984 2620 1200 2697 celebrando
1210 2624 1377 2701 Concilio
1398 2632 1559 2723 generali
1583 2630 1707 2710 secun·

87 2729 179 2804 durn
195 2724 426 2821 quorundam
448 2732 553 2803 vota.
575 2717 740 2812 Impressa
757 2716 806 2791 esi
823 2715 1028 2790 cinaratsere
1048 2718 1210 2811 gothico.
1259 2722 1315 2798 Cl.
1339 2724 1378 2799 P.
1403 2722 1607 2802 Audissredi
1623 2752 1706 2827 pag.

92 2848 175 2921 251.
203 2821 357 2897 eandem
380 2818 558 2893 excitavit
583 2815 805 2896 editionem,
840 2811 899 2887 sed
928 2814 988 2888 sub
1019 2814 1146 2888 titulo:
1186 2814 1366 2893 Laurentii
1394 2819 1584 2919 Ciieregats
1608 2827 1706 2920 quast

91 2922 267 2998 nimirum
292 2916 415 2991 ausior
439 2911 551 3008 hujus
575 2910 735 3005 epistolae
760 2908 846 2984 esset
872 2906 1034 2985 diversus
1061 2912 1278 2987 aLeonello
1309 2916 1549 3012 chieregato,
1577 2921 1702 3017 cujus,

91 3030 268 3115 tanquam
291 3012 445 3110 episcopi
467 3006 714 3103 Tragurienfis
736 3007 809 3080 duo
829 3005 997 3102 opuscula
1018 3031 1131 3083 unum
1157 3012 1305 3103 quidem
1322 3014 1367 3086 ad
1389 3036 1471 3088 ann.
1500 3030 1603 3113 1487·
1620 3040 1704 3113 pag.

95 3110 425 3202 381.alten1mad
452 3129 590 3181 annum
618 3120 721 3199 1488.
744 3126 826 3199 pag.
853 3120 935 3199 284.
963 3128 1129 3179 necnon
1158 3118 1331 3203 tanquam
1362 3110 1516 3207 episcopi
1542 3115 1705 3190 Concor·

93 3209 223 3287 diensis
246 3210 317 3283 teia
337 3207 409 3280 alia
431 3207 476 3278 ad
500 3227 584 3277 ann.
611 3226 714 3296 1402·
737 3223 820 3295 pag.
844 3216 927 3294 308·
951 3202 996 3273 ad
1020 3225 1103 3276 ann.
1133 3226 1235 3297 1495·
1259 3230 1340 3300 332·
1365 3230 1433 3281 nec
1453 3233 1527 3284 non
1543 3208 1615 3286 sene
1638 3235 1703 3285 no·

91 3323 127 3383 ta
153 3308 241 3384 anni
262 3326 346 3400 pag.
363 3324 443 3400 ³75·
464 3302 562 3375 idern
585 3299 626 3372 P.
648 3295 853 3372 Audiffredi
868 3296 1059 3371 recensuit.
1107 3299 1148 3372 Si
1170 3301 1379 3394 opusculum
1403 3304 1578 3399 praesens,
1599 3307 1703 3402 cujus

92 3406 214 3483 rusior
237 3400 407 3477 Leonessas
438 3396 651 3490 Cseieregotus
674 3417 747 3466 non
769 3394 989 3468 Laurentius
1016 3394 1276 3487 Chieregatus,
1312 3398 1402 3483 suit,
1438 3400 1511 3496 ipse
1540 3403 1702 3489 vidisset,

92 3505 184 3577 duos
206 3524 254 3575 ex
275 3522 371 3581 uno,
398 3496 461 3592 qui
489 3496 647 3588 primum
669 3486 840 3564 Arbensrs
863 3486 984 3581 postea
1010 3490 1278 3584 Traguriensis,
1306 3492 1344 3567 de
1366 3496 1512 3569 deinum
1541 3500 1704 3573 Concor·

90 3594 433 3691 diensis-episcopus
454 3588 555 3665 fuisse
576 3588 742 3670 videtur,
768 3584 1009 3675 Chieregatos
1033 3610 1107 3659 non
1123 3587 1269 3664 iecisset.
1320 3590 1392 3663 Sed
1417 3593 1453 3664 in
1470 3591 1577 3685 hujus
1599 3596 1703 3687 opus·

28 3734 34 3743 -
88 3696 161 3771 euli
180 3689 387 3768 recensrone
412 3711 433 3762 a
456 3689 502 3761 R.
526 3688 565 3759 P.
588 3686 728 3759 Thoona
744 3679 898 3767 Verani,
928 3680 974 3757 ad
994 3681 1099 3778 cujus
1124 3683 1377 3759 austoritatem
1397 3686 1435 3762 dc
1459 3688 1539 3773 hic,
1565 3689 1602 3765 &
1625 3688 1701 3785 pas-

88 3792 149 3870 sm
174 3788 266 3866 alias
286 3800 466 3885 provocat
487 3784 662 3878 deceptus
685 3779 765 3856 suit.

175 4041 414 4175 chx-rx.
462 4037 621 4130 Oratio
650 4030 748 4126 Cosa
772 3990 980 4127 Montani
1004 4033 1061 4121 od
1087 4026 1304 4148 Leeceoses.
1345 4034 1389 4123 in
1421 4063 1463 4148 4.
1497 4039 1600 4128 min.

177 4204 183 4209 ”
240 4237 336 4313 Haec
359 4234 400 4309 in
422 4234 544 4309 sronte
564 4232 736 4327 leguntur
759 4225 868 4325 hujus
892 4226 1090 4312 orationis,
1120 4247 1205 4325 quae
1230 4227 1434 4306 charactere
1461 4232 1584 4307 medio
1613 4233 1697 4311 Ste-

82 4333 198 4438 phani
223 4333 387 4411 Plannck
419 4328 585 4427 impressa
612 4327 692 4403 osto
720 4324 820 4401 soliis
860 4322 1017 4397 constat:
1053 4325 1159 4435 inter·
1193 4326 1274 4401 haec
1312 4351 1401 4402 vero
1437 4329 1594 4422 primum
1632 4354 1697 4405 va·

80 4456 194 4513 cuum
216 4428 281 4507 est.
356 4428 485 4503 Oratio
507 4452 553 4504 eo
574 4422 724 4525 spesiat,
751 4434 794 4503 ut
826 4420 1007 4505 Lucenses
1039 4419 1085 4496 ab
1109 4419 1204 4497 inito
1224 4444 1309 4497 curn
1332 4422 1553 4503 Florentinis
1581 4424 1696 4503 scede-

126 4525 294 4611 Sremisser
311 4522 410 4628 aesc,
424 4520 500 4625 Hs
899 4510 988 4593 Aa
1044 4620 1047 4625 Ι
1604 4541 1645 4597 re
