3644 4964
780 166 1106 295 ’.ἓξὲξ
1132 173 1135 177 ’
1694 223 1753 313 35

117 374 173 451 cl.
191 368 348 453 Panaeti
375 370 636 460 testimonium,
667 371 727 471 qui
752 373 823 453 loc.
843 379 907 455 cit.
931 380 1118 466 adfirmat,
1143 379 1254 456 etiam
1274 389 1380 459 vetus
1402 382 1657 469 testamentum
1675 393 1751 473 hoc

116 495 213 551 anno
234 470 437 573 impreshtm
460 470 595 552 exstare
619 470 661 549 iu
686 470 916 556 Bibliotheca
938 477 1095 557 civitatis
1118 477 1437 576 Norimbergensts.
1587 572 1591 581 ¹

114 748 274 850 XXIX.
309 748 445 871 Casus
476 752 626 845 henes
659 746 920 844 Deoretolhi
952 748 1077 844 Sexti
1111 753 1155 844 ii
1185 753 1562 866 Clementioornm.
1631 773 1742 868 Haec

227 890 397 961 tantum
423 871 648 979 leguntur,
685 868 866 981 gothico
891 868 1142 997 cbarattere
1173 869 1410 985 majusculo
1431 882 1663 999 impressa,
1693 895 1739 985 in

221 986 363 1103 prima
386 982 517 1100 primi
536 978 638 1075 solii
662 983 835 1097 pagine.
895 983 1151 1097 Argentinae
1183 1012 1308 1099 1435.
1338 990 1384 1078 in
1417 990 1521 1084 Fol.

281 1181 383 1281 Opus
406 1178 479 1255 hoc
495 1176 535 1254 in
556 1174 694 1254 deabus
718 1175 896 1254 columnis
920 1177 1069 1277 gothico
1090 1177 1292 1257 eharattere
1319 1184 1521 1299 inpressum
1552 1193 1610 1271 est.
1660 1200 1738 1279 Ha·

101 1282 172 1361 bet
195 1277 335 1357 litteras
355 1276 506 1355 initiales
530 1297 659 1373 parvas
684 1273 772 1352 &st
844 1288 954 1353 tuas.
1007 1278 1117 1354 Caret
1138 1298 1224 1353 vero
1251 1278 1473 1372 custodibus,
1501 1295 1677 1383 numero,
1700 1300 1740 1376 &

94 1375 390 1477 inscriptionibus
412 1373 633 1473 paginarum,
698 1374 740 1449 In
818 1396 839 1448 e
868 1373 951 1451 haec
971 1374 1148 1452 habentur
1169 1372 1371 1476 subscripta:
1398 1380 1528 1458 Lenem
1553 1389 1608 1489 iste
1632 1395 1738 1492 utilis·

82 1479 189 1575 fim’
214 1470 294 1572 cast
308 1468 480 1571 finierint
506 1466 637 1545 librom
663 1468 739 1547 dei.
754 1467 833 1567 sex.
855 1468 898 1547 ὅ
914 1471 974 1546 cie.
998 1496 1067 1547 vna
1098 1475 1140 1545 cri
1174 1473 1288 1548 nucleo
1309 1477 1383 1590 stne
1414 1481 1558 1559 medulla
1579 1489 1738 1590 giosnin4

93 1562 177 1669 dm
200 1569 322 1649 cottidi
343 1567 457 1668 iibro4
478 1569 514 1645 in
530 1564 570 1667 sc
589 1569 702 1643 nims.
728 1566 847 1669 impff⁹
867 1573 884 1641 ἱ
908 1566 1083 1667 Argnine.
1130 1565 1237 1645 Anno
1261 1569 1331 1649 dhe.
1369 1575 1424 1653 M.
1454 1606 1534 1656 cccc.
1562 1581 1687 1663 lxxxv.
1722 1614 1743 1681 a

88 1670 209 1768 fimo
231 1673 271 1753 p„
288 1664 344 1747 dp
353 1666 474 1771 sm
499 1667 636 1780 mortim
662 1660 771 1744 Wtit
795 1663 938 1763 modesti.
988 1666 1059 1742 His
1079 1664 1287 1747 immediate
1307 1669 1473 1773 subjunlii
1500 1678 1579 1757 sunt
1600 1684 1737 1762 versus:

471 1760 563 1840 oum
583 1759 738 1861 thesaurii
759 1761 922 1859 obclusum
961 1764 1014 1838 oio
1048 1774 1178 1871 emtam

506 1861 897 1959 rememorabimur
997 1858 1063 1961 ipsc
1088 1855 1161 1936 tihi.
1275 1923 1279 1929 .

470 1955 1237 2157 attramentarium

97 2343 239 2449 XXX.
271 2344 404 2440 Persii
426 2343 592 2462 Satyra
614 2344 1068 2461 cum,Commentario
1090 2326 1401 2441 Banholonaei
1437 2347 1477 2439 F
1481 2353 1606 2443 omli.
1638 2353 1732 2451 Ve-

219 2464 355 2559 netiis
376 2487 454 2579 per
478 2464 732 2555 Antonium
753 2465 809 2555 de
830 2461 1100 2554 Battibobuc
1128 2486 1241 2549 anno
1265 2486 1389 2575 1485.
1420 2465 1465 2554 in
1496 2466 1537 2556 F
1541 2472 1587 2558 ol
1626 2475 1731 2562 min.

266 2658 309 2739 ln
343 2657 463 2743 aversa
492 2656 597 2757 primi
633 2656 707 2736 solii
745 2659 875 2758 pagina
908 2654 1117 2735 Bortolomei
1140 2654 1256 2734 Fontii
1280 2656 1486 2735 Prooemium
1514 2661 1556 2739 In
1585 2659 1757 2780 Pmstnm'
1818 2698 1820 2703 ·

106 2759 246 2845 Ponam
267 2754 332 2835 Aa
353 2756 575 2833 Laurentium
602 2754 759 2833 Mollem
789 2757 929 2853 legitur.
1004 2754 1105 2831 Folio
1139 2754 1383 2831 secundusne
1409 2760 1482 2834 ulla
1505 2761 1727 2860 inscriptione

149 2880 197 2934 us
216 2856 231 2931 i
253 2852 330 2933 sum
360 2878 444 2931 cum
473 2855 737 2931 commentariis
763 2853 893 2951 incipit.
957 2850 1100 2951 Satyrae
1130 2851 1168 2931 &
1197 2855 1441 2929 commentarii
1474 2861 1731 2938 romanorum

105 2884 215 3034 iiim
247 2975 308 3031 ere
331 2951 385 3031 im
407 2949 504 3039 reth,
531 2951 605 3029 illae
631 2950 777 3049 quidem
798 2948 949 3047 majori,
982 2951 1021 3027 hi
1053 2972 1140 3026 vero
1166 2951 1272 3048 paulo
1303 2950 1448 3037 minori,
1481 2970 1632 3051 utroque
1658 2960 1730 3033 ele·

104 3047 318 3153 gantiffimo.
499 3048 619 3125 minus
642 3049 722 3127 alba
747 3050 786 3127 ἀ
806 3048 920 3127 nitida
940 3046 999 3125 est.
1048 3048 1182 3124 Desunt
1202 3048 1352 3124 initiales
1365 3049 1497 3127 litterae
1523 3052 1731 3143 saturarum,

107 3148 299 3234 custodes‚.
315 3147 452 3227 numeri
476 3145 515 3224 &
537 3146 636 3223 inlcti
660 3147 776 3223 tiones
799 3147 1022 3245 paginarum.
1069 3145 1150 3220 Has
1165 3158 1287 3221 tamen
1302 3151 1547 3245 typographus
1562 3137 1728 3247 signauit.

103 3248 231 3328 lnhne
247 3245 398 3342 legitur:
423 3240 475 3320 A:
492 3241 600 3343 Perfii
667 3244 740 3325 ccci
757 3240 960 3359 Satyrorum
975 3240 1082 3318 linis.
1134 3240 1287 3318 Accedit
1300 3267 1384 3320 vero
1417 3243 1457 3346 1)
1470 3249 1731 3328 Bartholomaei

104 3345 223 3425 Fontii
246 3344 294 3419 ad
314 3340 535 3419 Franciscum
557 3342 733 3418 Saxonum
765 3340 938 3439 Epistola,
968 3363 1038 3437 qua
1072 3339 1312 3443 mensurarum
1347 3347 1519 3422 vocabula
1541 3369 1729 3444 exponun-

101 3454 180 3529 tur,
211 3439 251 3518 &
285 3435 327 3538 2)
345 3442 419 3515 vita
443 3436 549 3513 Persii
566 3439 761 3517 brevissime
779 3437 960 3535 descripta.
1020 3434 1083 3512 Ad
1108 3433 1214 3533 hujus
1237 3439 1373 3513 calcem
1397 3443 1511 3537 primo
1546 3442 1595 3517 est
1621 3444 1730 3541 Regi·

95 3546 202 3643 Jlrnm
229 3537 453 3621 chartarum,
483 3547 564 3612 tum
579 3559 665 3613 vero
680 3536 876 3636 subscriptio
900 3534 933 3608 se
958 3556 1065 3609 uens:
1093 3534 1204 3631 Impre
1232 3560 1284 3606 uin
1310 3536 1459 3612 Veneriis
1471 3565 1535 3636 per
1556 3546 1729 3617 antonium

101 3630 361 3715 inhabitetur.
386 3632 442 3746 M.
461 3656 544 3707 cccc.
560 3631 710 3709 Lxxxo.
736 3632 801 3709 iiie.
829 3633 915 3707 eonii.
932 3558 1139 3731 leptembris.
1227 3632 1397 3746 ditionem
1416 3635 1509 3711 lianc
1521 3639 1730 3731 ignorarunt

101 3732 265 3816 otiandi,
299 3731 501 3815 Maittane,
524 3730 576 3808 de
595 3731 713 3820 Bure,
744 3732 990 3825 Hambergen
1018 3728 1223 3809 Harwood.
1261 3728 1299 3806 &
1334 3731 1391 3806 alu
1421 3757 1568 3819 omnes,
1595 3737 1653 3830 qui
1679 3737 1727 3811 ad
1798 3747 1804 3753 '‘

98 3852 229 3913 manus
249 3828 339 3905 mihi
361 3827 439 3903 sunt
457 3828 710 3927 Bibliographi
761 3826 948 3907 Hanvood
970 3825 1164 3901 editionem
1188 3825 1359 3904 excitavit
1378 3829 1622 3907 Florentinarn
1643 3836 1731 3909 anni

101 3952 217 4031 1477,
246 3925 286 4005 ἃ
309 3927 488 4006 Venetam
507 3926 659 4007 anostro
679 3927 906 4031 typographo
934 3947 1030 4003 anno
1056 3947 1161 4021 149³·
1188 3937 1361 4002 curatam

1498 4551 1659 4649 xxxi.
