3644 4964
110 168 192 285 176
589 248 597 267 ,
760 148 1085 273 εὲἶέιε
1191 298 1196 307 ι

109 360 154 441 In
177 364 294 441 fronte
314 372 436 437 autem
458 352 531 431 folii
557 351 728 445 sequentis

472 449 511 525 C.
540 446 644 521 Plinii
670 444 813 522 Secundi
835 443 1085 545 Nouocomeasts
1110 446 1294 544 Ponaguri

467 569 524 619 cus
551 542 698 616 Traiano
721 541 872 640 Augusto
894 541 1025 616 Ditius.
1049 544 1095 616 sc.
1116 546 1248 639 incipit.

22 668 28 677 “
110 651 338 731 Terminatur
360 642 596 744 panegyricos
619 638 677 713 iste
703 641 739 711 in
763 640 877 733 prima
899 640 1027 734 pagina
1053 638 1123 711 folii
1145 640 1230 713 sexti
1248 641 1416 715 ternionis
1433 669 1469 717 a.
1536 642 1578 721 in
1598 647 1728 725 averia

110 768 196 824 vero
220 746 294 821 io'lii
314 741 475 839 ejusdem
490 736 624 883 pagina
647 734 823 828 sequentia
846 735 1031 828 leguntur:
1060 734 1135 807 Hoc
1158 737 1192 807 ia
1220 733 1395 810 Volumiae
1415 738 1482 811 ltoec
1502 745 1721 819 contineatur.

115 846 153 921 C.
170 844 278 919 Plinii
298 836 439 915 Secundi
461 829 870 927 nepotisNouocomensts
892 829 1113 927 Epistolarum
1135 827 1333 904 timialia.
1389 832 1427 906 C.
1450 834 1559 909 Plinii
1578 836 1727 929 Secundi

112 937 364 1033 Nouocomessfis
389 928 621 1023 Pareagysicus
645 925 769 999 Nerua
792 923 993 1019 Imperatori
1014 922 1126 1000 ditius.
1203 922 1243 1004 C.
1265 925 1370 999 Plinii
1395 927 1539 1004 Secundi
1557 932 1598 1005 de
1625 934 1723 1006 Viris

111 1031 298 1134 Illustrihus
325 1027 444 1112 Litus,
487 1022 738 1119 misequitur,
764 1022 898 1096 chartis
927 1021 1106 1117 impreffus
1134 1020 1524 1116 signatissime.
1553 1042 1664 1125 atque
1685 1030 1725 1107 in

111 1136 225 1235 prima
248 1128 320 1206 solii
344 1125 429 1200 sexti
454 1119 624 1202 tornionis
650 1120 680 1191 C
706 1119 832 1212 pagina
850 1118 1078 1200 terminatus,
1101 1118 1139 1191 in
1161 1120 1290 1193 eadem
1315 1120 1465 1213 legitur:

65 1230 72 1243 ‘
367 1216 526 1297 Marcelli
549 1212 723 1287 R'uloxeai
745 1212 792 1285 ad
814 1211 999 1285 Antonium
1024 1212 1193 1286 Moretum
1216 1213 1461 1310 Epigramma:

431 1308 590 1390 Omnibus
612 1310 727 1477 11αεῦ
743 1334 830 1381 auae
849 1320 919 1381 tam
945 1308 1024 1381 selis
1046 1308 1197 1407 impreffa
1221 1310 1376 1406 leguntur
1532 1324 1547 1351 “

504 1405 606 1506 Quod
629 1431 698 1477 mm
725 1403 781 1499 assa
796 1400 878 1477 libri
895 1403 1007 1477 littera
1029 1404 1122 1477 uallo
1149 1408 1259 1501 uiget:
1284 1443 1288 1449 ·

429 1501 561 1578 Antoni
581 1501 711 1574 Morere
729 1501 804 1593 suit
826 1512 885 1573 tua
913 1524 1014 1573 cuso:
1042 1497 1182 1595 laborqg

504 1599 641 1693 Namq3
658 1598 761 1690 saues
782 1597 882 1670 clasis
893 1595 1019 1692 sedulis
1038 1612 1049 1677 (
1066 1594 1111 1670 isc
1125 1620 1189 1692 pro
1204 1595 1372 1694 sedulus)
1397 1601 1546 1696 ingeniis.

430 1694 584 1797 Quisquis
606 1706 696 1767 amat
715 1705 856 1766 ueteres:
879 1705 993 1787 grates
1011 1687 1074 1764 tibi
1086 1691 1216 1790 semper
1240 1693 1388 1769 lsolsebit:

501 1790 552 1865 Et
575 1787 668 1862 debet
684 1790 796 1889 studio
819 1787 958 1884 Planius
982 1786 1047 1884 ipse
1070 1801 1138 1862 tuo.

110 1892 291 1972 Antonius
314 1893 482 1966 Moretus
496 1885 685 1961 secundum
703 1883 849 1959 ortana
869 1885 905 1958 in
927 1882 1067 1979 Origine
1082 1881 1119 1956 Ε
1131 1882 1295 1985 Progreffi
1308 1884 1396 1959 dello
1409 1884 1550 1981 Stampa
1561 1911 1644 1985 pag.
1659 1906 1717 1987 58.

108 1990 274 2068 Venetiis
304 1984 597 2083 typographicam
630 1994 745 2054 artem
778 1980 945 2053 exercuit.
1022 1979 1116 2054 Haec
1146 1981 1248 2057 Plinii
1279 1983 1406 2067 editio,
1435 1985 1722 2083 Bibliographis,

105 2109 197 2186 qnos
217 2084 363 2183 qiidam
382 2079 554 2164 consului,
581 2077 778 2171 incognita,
800 2074 882 2153 satis
910 2088 1035 2152 tamen
1056 2076 1225 2153 adcurate
1247 2078 1337 2155 mlta
1355 2077 1450 2156 fatie
1471 2081 1627 2157 videtur.

110 2338 317 2445 chtii
352 2346 512 2436 Oratio
550 2343 601 2433 de
631 2340 1032 2473 eligeaaloSummo
1069 2335 1292 2451 Pontifiar:
1333 2316 1642 2439 tabitaRoma
1668 2352 1717 2441 ia

219 2458 402 2573 Eastesta
412 2453 554 2573 sautu
584 2462 695 2543 t’etrs
727 2459 784 2543 ad
799 2450 1133 2571 sacratiffimum
1158 2458 1358 2547 Senatum
1393 2460 1716 2552 Cartiaals‘um.

221 2574 468 2666 Innocentio
494 2564 658 2658 {saram
681 2570 932 2655 demortuo:
970 2595 1049 2683 prr
1071 2566 1125 2656 u.
1157 2571 1204 2658 irs
1229 2571 1380 2678 chrisio
1404 2584 1576 2687 patrem
1606 2578 1717 2662 trer-

219 2688 450 2778 aards'aum
478 2682 695 2771 Caruaiat.
731 2678 875 2767 Pacui.
894 2675 1185 2812 Episcopum:
1222 2680 1354 2800 Regis
1378 2688 1422 2773 ts
1446 2683 1607 2802 uagam
1631 2684 1718 2775 Hi·

207 2799 362 2918 spanis
386 2797 643 2885 Oratorem:
674 2791 741 2879 alia
767 2788 1168 2902 troujfiguratsonis
1198 2796 1433 2906 dominice,
1456 2808 1588 2909 erta
1620 2800 1716 2888 Aa·

212 2908 326 3049 galli
357 2907 422 3002 M.
442 2936 541 2998 arcs.
562 2906 663 3018 xiij.
698 2904 886 3018 impteti.
913 2905 1067 3021 Lipfiae
1100 2934 1179 3019 per
1203 2908 1458 3021 Gregorium
1483 2912 1715 3024 Boettiger.

210 3053 331 3133 1114.

261 3209 402 3294 Titulus
422 3237 517 3290 ame
540 3212 707 3289 recitatus
727 3211 763 3286 in
786 3211 898 3307 prima
928 3210 1034 3307 primi
1054 3211 1130 3285 folii
1154 3216 1281 3311 pagina
1304 3214 1486 3311 impressus
1512 3216 1715 3295 charasterc

127 3317 329 3400 armonian,
353 3336 424 3408 quo
447 3311 483 3385 ἃ
506 3310 575 3405 ipsa
596 3311 725 3389 oratio,
758 3308 883 3383 decem
899 3308 1062 3384 constans
1077 3309 1168 3383 foliis
1186 3314 1342 3408 impretia
1357 3312 1423 3393 est.
1443 3314 1582 3407 leg'tur.
1632 3314 1715 3388 Au·

102 3344 176 3494 ἑοῖ
192 3416 314 3490 thema
325 3409 449 3504 'elegit
469 3432 515 3481 ex
530 3406 695 3481 Miciaeae
711 3406 797 3500 Cap.
813 3404 890 3480 Vll.
917 3404 973 3479 Ne
985 3407 1096 3480 leteris
1116 3407 1250 3481 inimica
1270 3434 1341 3481 mea
1357 3406 1402 3504 su
1451 3433 1519 3482 ase:
1539 3411 1574 3508 fi
1594 3409 1719 3506 cecidi!

99 3503 914 3695 aaran„tarzseseiinissassa
935 3501 1714 3697 mnam

97 3706 184 3783 teste
212 3718 370 3781 oratore,
391 3698 473 3780 fuit,
500 3694 741 3771 conditionem
764 3695 895 3768 amaris
917 3694 1023 3767 deflet
1050 3694 1245 3778 lachrimis,
1276 3654 1316 3773 oi
1345 3699 1435 3775 vivis
1463 3697 1625 3792 depingit
1649 3721 1715 3771 co·

95 3802 245 3885 loribus,
271 3793 508 3874 restauranda.
559 3791 819 3887 Typographus
845 3790 989 3886 paginas
1009 3788 1164 3882 signavit.
1215 3792 1387 3867 Custodes
1418 3815 1523 3877 vero,
1559 3795 1712 3879 numeni,

96 3898 135 3974 δι
157 3894 396 3988 inscriptiones
418 3890 628 3986 paginarum
649 3886 780 3959 desunt.
831 3885 871 3958 In
893 3885 963 3957 fine
980 3886 1060 3958 haec
1080 3896 1220 3961 tantum
1243 3888 1408 3983 leguntur
1436 3889 1615 3986 impretia:
1640 3887 1714 3962 Im·

94 3988 232 4090 preffism
252 3989 374 4084 Liptgg
393 4010 453 4081 per
475 3981 643 4078 Gregorii
667 3980 834 4077 Bt'tts'ger.
885 3980 928 4054 Si
951 4004 1023 4053 non
1041 3980 1188 4064 eodem.
1212 4006 1282 4080 qua
1306 3985 1447 4070 habita,
1469 4009 1584 4069 anno,
1611 3998 1713 4061 aene

93 4112 166 4169 non
188 4087 248 4160 diu
271 4085 344 4181 post
367 4084 446 4156 haec
466 4077 624 4172 impactio
650 4077 789 4151 videtur
815 4076 937 4150 oratio.
985 4074 1150 4149 Leichius
1172 4078 1217 4155 de
1241 4078 1711 4179 ong.&1ncrenent.iy-

90 4181 263 4283 pograph.
284 4178 373 4277 Lipi.
397 4193 476 4273 pag.
493 4179 551 4250 aa.
564 4192 658 4249 -aam
678 4170 921 4249 incunctanter
939 4170 987 4248 ad
1008 4192 1142 4250 amum
1168 4198 1270 4272 ¹492·
1294 4179 1428 4256 retulit.

1426 4482 1636 4593 ctam
1716 4596 1728 4615 ,
