3644 4964
87 178 205 301 st
767 165 1201 292 ss‹

93 375 252 468 XXXI.
284 377 513 466 Ciceronis
545 373 750 493 opuscola
784 381 832 486 t)
859 379 913 464 de
934 374 1066 466 Fato.
1115 372 1168 491 2)
1187 371 1380 488 Topica.
1452 374 1476 488 )
1505 371 1580 466 De
1605 371 1715 466 Uno

208 493 409 581 versrtate
441 519 538 580 curn
575 490 911 579 Commentariis
949 491 1128 601 Georgii
1176 490 1326 581 Vallae.
1439 490 1598 577 enetiis
1640 514 1718 606 per

209 612 459 697 Antonium
484 611 538 693 de
565 605 706 693 Strata
732 601 1066 693 Cremonensem
1096 630 1208 692 aono
1243 630 1369 717 1435.
1402 605 1448 693 in
1482 604 1589 697 Fol.

256 802 337 879 Tria
356 804 437 880 haec
460 801 623 901 opuscula
645 799 775 877 eodem
797 799 1014 888 charaslere,
1041 819 1190 876 romano
1217 800 1385 887 nimirum
1406 798 1645 900 pereleganti,
1670 800 1723 879 ei·

97 901 252 997 demque
275 904 409 977 clrartae
431 900 591 996 impressa
615 900 768 975 eandem
788 922 937 994 quoque*
951 897 1215 995 compassorem
1244 899 1390 976 habent
1455 898 1574 985 Quare
1604 898 1724 975 nullus

97 1000 241 1083 dubito,
273 998 359 1094 quin
380 1023 425 1072 ex
450 999 578 1071 eodem
600 998 834 1094 typographia
855 994 1002 1079 eodem,
1025 1018 1097 1090 quo
1122 995 1275 1087 indicavi
1304 997 1427 1072 ordine
1460 993 1610 1078 excusa,
1641 1018 1724 1092 pro·

97 1098 237 1170 dierint.
304 1097 385 1180 Duo
410 1096 524 1190 priora
544 1094 726 1189 srgnntrnis
753 1088 864 1169 a-f
884 1092 1084 1174 cohaerent,
1112 1089 1150 1167 dt
1176 1092 1213 1166 in
1234 1094 1306 1167 line
1328 1093 1528 1191 posterioris
1615 1115 1723 1188 ogra·

98 1194 192 1291 plrus'
216 1191 372 1289 expresse
396 1189 585 1265 indicatur:
619 1188 774 1286 Topicott
798 1184 963 1263 Cimonis
983 1186 1114 1262 libellus
1145 1192 1186 1260 cri
1213 1192 1391 1265 cimiterio
1423 1214 1446 1264 n
1475 1106 1726 1288 diotgeorgio

101 1289 194 1362 nossa
209 1290 378 1401 prinestino
399 1290 570 1460 composito
594 1286 773 1401 diiigenter
794 1284 974 1398 impreffits·
990 1289 1032 1384 ess
1047 1310 1114 1398 per
1133 1283 1319 1361 Antonium
1348 1287 1389 1361 de
1401 1288 1514 1389 strata
1533 1308 1726 1363 cremonem.

100 1383 927 1595 nn,tererestereres
948 1379 1173 1595 trenes,
1187 1382 1243 1594 e
1248 1385 1324 1579 ,⁰
1338 1383 1514 1557 teter.
1522 1385 1735 1595 1¹¹,

104 1605 254 1654 movero
277 1581 411 1653 domino
428 1576 575 1678 Georgio
598 1581 691 1654 nullo
710 1579 900 1677 placentino
922 1590 1104 1675 comporto.
1134 1577 1371 1680 drsrgmtrffime
1391 1604 1451 1677 per
1469 1574 1662 1654 Antonium
1684 1576 1728 1653 de

93 1680 207 1779 struto
231 1677 461 1776 cremonensem
494 1681 629 1752 umetiir
655 1674 824 1777 impreffitr
852 1681 895 1778 efl
917 1674 981 1749 die.
1009 1677 1060 1754 xi.
1083 1670 1197 1779 Julii.
1220 1675 1277 1752 M.
1292 1674 1494 1753 cccclxxxv.
1573 1670 1729 1753 Accedit

102 1774 301 1872 Regilirum
324 1777 557 1860 Chattorum,
586 1777 712 1873 quibus
733 1773 891 1851 constant
910 1774 977 1848 tria
999 1773 1080 1857 haec
1104 1773 1277 1871 opuscula.
1343 1774 1477 1851 Desunt
1499 1774 1536 1850 in
1559 1772 1631 1850 hac
1654 1773 1732 1853 edi·

104 1874 201 1948 tione
225 1872 405 1982 custodes,
429 1875 637 1985 paginarum
659 1872 816 1984 numerio,
841 1870 880 1947 dt
900 1869 1157 1982 inscriptiones,
1183 1872 1319 1948 litteras
1345 1872 1498 1986 initiales
1543 1884 1648 1985 arvos
1672 1883 1732 1971 ty·

104 1970 309 2143 tester
327 1968 1732 2178 steen.⁰‚2{sentensrestiterint,tensus

105 2166 264 2243 cundum
281 2163 464 2239 Bernardo
479 2165 657 2241 Salvatico
672 2162 847 2237 Genuensr
861 2163 1031 2247 Patncro,
1060 2162 1119 2236 suo
1134 2163 1222 2240 olrnr
1248 2164 1432 2263 discipulo„
1462 2165 1608 2240 tertium
1633 2162 1732 2241 Her·

105 2261 227 2340 molan
252 2260 411 2337 Barbaro
438 2262 577 2339 Veneto
607 2261 760 2337 Patricio
785 2259 979 2345 dedicavit,
1017 2258 1164 2356 suntque
1191 2258 1336 2359 snrgulis
1370 2261 1542 2360 opusculis
1566 2261 1751 2360 praefixae,

106 2358 259 2457 epistolae
274 2358 525 2435 dedicatorire..
558 2356 695 2433 Textns
711 2357 891 2434 Ciceronis
909 2356 1161 2453 elegantissimo
1182 2359 1384 2435 charasiere
1402 2359 1508 2456 pattlo
1530 2356 1660 2454 majori
1684 2356 1735 2437 est

106 2455 300 2554 impressus.
352 2456 529 2533 Maittaire
553 2457 655 2532 Toni.
671 2456 697 2532 1.
718 2456 766 2532 ad
788 2455 824 2531 h.
841 2479 874 2531 a.
896 2455 1069 2532 excitavit
1091 2451 1217 2555 Georg.
1242 2456 1357 2532 Vetto
1375 2454 1411 2531 in
1425 2454 1482 2530 M.
1506 2453 1545 2532 T.
1563 2453 1735 2533 Ciceronis

108 2550 213 2629 sibeos
238 2551 279 2627 de
305 2550 526 2654 Universttute
552 2551 840 2668 Commentariun·
851 2577 914 2666 per
938 2550 1066 2666 Anton.
1088 2551 1130 2626 de
1149 2549 1269 2668 Stroto
1294 2551 1535 2667 Cremonensem
1552 2553 1634 2649 fos?
1656 2554 1730 2630 Ve-

107 2662 303 2826 rone-
318 2773 338 2822 .
351 2650 1629 2861 {testimonimumeniterearestone
1644 2650 1736 2824 ss.

108 2872 186 2923 num
229 2846 279 2920 M
310 2844 450 2922 CCCX
447 2843 545 2921 CIX
577 2844 798 2940 exertsornm,
844 2841 886 2921 ss
920 2870 955 2918 tn
992 2842 1201 2921 Bibliotheca
1236 2846 1410 2944 anfiano
1450 2846 1638 2920 extantium
1674 2850 1735 2924 rtr'i.

108 2942 418 3021 MDCCLXXX
414 2943 482 3019 VI.
511 2964 592 3041 pag.
609 2942 777 3022 XXXIV.
802 2941 933 3039 pariter
961 2966 1032 3016 non
1052 2941 1115 3019 nist
1138 2943 1225 3021 liber
1248 2943 1295 3018 de
1319 2942 1550 3020 Universrtate
1571 2966 1736 3021 comme·

110 3056 280 3121 moratur.
344 3041 604 3133 Weissrngerus
623 3038 661 3116 in
680 3036 891 3115 Armament.
916 3035 1047 3114 Cotinos
1071 3064 1153 3139 pag.
1177 3062 1261 3138 354.
1290 3038 1427 3137 insuper
1448 3041 1615 3117 meminit
1636 3040 1737 3120 Libri

110 3141 156 3214 de
178 3138 287 3213 Fato:
315 3137 361 3212 de
383 3135 525 3249 Topicis
537 3158 629 3239 ⁸vero
647 3135 732 3212 silet
782 3135 893 3234 Apud
912 3136 1001 3213 alios
1024 3137 1319 3311 Biblioffiophos,
1345 3137 1405 3232 qui
1424 3137 1513 3213 milri
1535 3138 1583 3213 nd
1603 3161 1738 3215 manus
1766 3182 1772 3189 -

111 3235 205 3319 sunt,
232 3235 365 3310 nullam
387 3233 494 3331 hujus
516 3232 684 3311 editionis
707 3234 929 3309 mentionem
950 3235 1097 3335 reperio.
1187 3234 1276 3312 crito
1297 3233 1403 3331 igitur
1423 3235 1611 3314 rarioribus
1635 3234 1738 3316 tibris

109 3330 334 3409 accensentur
359 3331 428 3410 ma
453 3332 536 3411 haec
558 3331 723 3432 opuscula
746 3328 943 3428 conjunttn.

110 3632 291 3728 xxxtt.
322 3586 601 3727 Insortiotnm
639 3663 738 3728 cum
773 3634 1125 3727 Commentariis.
1202 3628 1409 3728 Veneriis
1458 3658 1537 3751 per
1574 3630 1738 3750 Johoo·

223 3777 329 3955 rfflr·
340 3752 733 3980 ,mtiggntiregorium
773 3749 815 3843 F
818 3748 1104 3858 orlivienses‚
1130 3744 1322 3929 iratres,
1365 3776 1478 3841 anno
1522 3772 1647 3864 1485.
1688 3755 1736 3857 in¹

268 4090 406 4166 Textus
431 4091 468 4167 in
487 4089 625 4169 duabus
645 4091 821 4169 columnis
842 4087 1042 4169 chnratiere
1055 4086 1205 4187 gothico
1226 4087 1332 4188 poulo
1352 4084 1499 4186 majori,
1526 4086 1641 4186 eoque
1662 4087 1738 4165 ele·

108 4188 305 4303 gantissrmo
327 4188 556 4302 sirmissnnoe,
572 4186 615 4265 itc
634 4188 919 4303 praestantissimae
934 4188 1070 4266 charte
1092 4187 1141 4264 est
1163 4186 1366 4303 impressus:
1397 4186 1655 4300 commentruia
1669 4208 1735 4305 ue·
1771 4266 1774 4271 ,

108 4313 209 4461 iis
231 4285 1560 4481 ‘¹stetu‘ttlttittgnutttttdtnttitnttttoeltt
1570 4282 1736 4455 ciniis

108 4507 214 4566 vero,
238 4480 394 4566 numeri,
423 4438 724 4582 &inscriptiones
746 4482 957 4583 paginarum
982 4479 1118 4560 desunt.
1177 4431 1738 4650 Timmm‘insmpfimffiissssmt
