3644 4964
784 30 1105 160 ἓξὲξ

208 250 331 327 eadem
345 247 473 346 pagina
489 242 640 417 Reqistri
654 252 856 357 quqternnt,
886 266 1038 342 quotum
1052 247 1187 356 primus
1202 260 1326 324 minen
1351 270 1422 323 non
1439 248 1490 324 est
1508 250 1669 349 integer,
1695 254 1761 329 sed

201 372 272 425 tem
293 359 433 421 tantttm
455 350 535 418 conl
553 358 591 418 at
609 342 700 416 solus
716 338 895 437 impreffis.
944 340 1243 438 Subscriptionem
1261 342 1426 419 editionis
1447 368 1528 421 ann.
1548 369 1655 443 ¹4⁹⁹»
1680 350 1760 431 vid.

203 448 241 521 h.
258 468 290 518 a.
312 441 356 515 N.
373 442 431 517 Vl.
484 440 539 514 Cl.
566 435 761 513 Audisfredi
781 460 852 510 non
877 437 988 512 solum
1009 438 1101 512 hanc
1116 438 1328 524 editionem,
1357 438 1416 514 sed
1428 441 1537 517 etiam
1552 443 1643 518 duas
1662 445 1760 521 alias

189 561 322 616 emanas
340 561 434 612 anno
461 560 562 631 ¹492·
584 534 693 610 saites
712 534 899 628 ignoravit.
951 533 1038 608 lude
1060 556 1184 610 earum
1206 547 1306 630 patet
1326 537 1461 613 raritas.
1512 538 1620 615 Conl'.
1636 540 1681 614 N.
1692 541 1757 615 VI.

182 660 291 711 ,ann
318 648 420 727 1492·
446 630 681 706 'sheodiscam
701 626 807 722 hujus
831 630 948 724 operis
973 629 1164 704 editionem
1186 646 1272 707 nota
1293 633 1379 717 loci,
1407 634 1510 720 anni,
1530 633 1569 709 ἀ
1582 649 1759 746 typogra-

179 737 403 809 scatentem
429 728 485 803 ct.
502 727 679 802 Panzerus
698 726 765 799 loc.
782 726 839 799 cit„
860 747 944 821 pag.
958 749 1017 820 44
1033 725 1123 836 seqq.
1148 726 1330 823 descripfit.
1378 730 1485 803 Hanc
1513 751 1598 804 ueto
1623 754 1659 804 tn
1682 755 1763 804 nnn

171 832 250 905 ullis
278 825 427 901 alatino
464 836 569 898 textu
601 820 776 897 diversam
808 820 895 902 esse,
923 845 1020 895 nunc
1043 822 1171 895 scilicet
1198 824 1415 910 breviorem,
1444 850 1538 900 nunc
1567 824 1762 909 firfiorem,

164 927 318 1000 dietmar.
383 922 496 994 Porro
523 919 605 992 huic
637 917 782 990 editioni
810 916 1017 992 Theodiscae
1046 919 1198 1013 primmn
1225 920 1315 993 inter
1340 944 1469 995 omnes
1494 921 1671 996 editiones
1696 924 1760 996 sen

157 1026 269 1098 annas
297 1019 355 1091 scu
379 1013 590 1090 Tbeodiscas
624 1012 791 1088 lrailcnus
820 1013 990 1087 nimitum
1023 1014 1200 1105 cognitas,
1225 1016 1344 1092 locum
1366 1018 1529 1111 assignat,
1556 1017 1684 1092 dubius
1709 1041 1763 1092 an

153 1146 212 1194 ron
233 1119 323 1191 sorte
345 1125 469 1187 textus
484 1109 704 1185 Theodiscus
726 1108 766 1181 stt
787 1109 976 1203 originalis.
1025 1109 1159 1185 Verum
1181 1112 1338 1203 opusculi
1358 1112 1477 1187 autior
1500 1114 1610 1186 homo
1630 1114 1759 1195 Italus,

145 1215 180 1291 δι
210 1215 297 1287 sorte
318 1208 523 1290 Romanus,
549 1206 586 1281 ὅ(
610 1206 693 1278 hinc
709 1204 911 1299 opusculum
931 1203 1041 1299 ipsum
1061 1205 1166 1278 latine
1186 1208 1338 1300 primum
1357 1207 1452 1283 sitisse
1471 1208 1634 1304 scriptum
1652 1208 1759 1282 vide·

141 1326 209 1386 tur.
261 1308 429 1380 Ceterum
453 1305 489 1376 in
509 1300 627 1376 aversa
652 1300 782 1395 pagina
802 1300 873 1373 solii
888 1324 952 1392 33,
984 1300 1073 1374 linea
1094 1310 1149 1377 16,
1171 1304 1352 1398 utriusque
1376 1304 1537 1377 editionis
1551 1302 1675 1378 latinae
1701 1305 1758 1377 in·

143 1407 228 1501 cipit
246 1401 380 1482 sabula,
402 1399 537 1472 dudum
563 1395 720 1491 explosa,
751 1395 796 1469 de
818 1396 976 1491 johanna
1001 1396 1142 1490 Papilla.
1208 1398 1299 1473 Haec
1324 1398 1414 1474 forte
1437 1400 1553 1474 sabula
1578 1398 1758 1472 Gottesri·

143 1504 230 1575 dum
247 1496 451 1574 Tenzelitun
472 1494 665 1587 permovit,
687 1500 727 1565 u't
749 1492 817 1563 hoc
841 1493 995 1585 primurn
1019 1490 1144 1563 saeculo
1165 1513 1260 1566 asmo
1288 1518 1388 1589 ¹722·
1414 1492 1586 1568 Arnstadii
1618 1516 1757 1568 novam

143 1596 249 1690 hujus
271 1590 423 1686 opusculi
455 1590 650 1663 editionem
674 1588 838 1669 latinam,
867 1611 912 1660 ex
945 1586 1097 1659 editione
1122 1585 1287 1664 Ronlana
1312 1591 1396 1665 anni
1426 1614 1539 1685 1499,
1572 1588 1630 1668 cl.
1655 1588 1757 1665 Patri

143 1687 363 1768 Audissredio
377 1686 506 1779 pariter
520 1682 717 1777 incognita,
740 1682 939 1756 adornaret.
964 1681 1068 1755 Cons.
1087 1682 1222 1755 Panzer
1237 1707 1317 1779 pag.
1333 1706 1393 1781 44
1442 1687 1597 1761 Demum
1612 1682 1654 1759 dt
1666 1684 1758 1757 illud

140 1787 191 1861 est
211 1781 569 1862 animadvertendum
581 1792 597 1862 ¹,
639 1776 809 1850 Fabulam
831 1777 922 1850 lianc
939 1776 977 1849 in
995 1777 1151 1851 editione
1166 1779 1377 1855 Germanica
1392 1804 1414 1856 a
1434 1783 1487 1856 CI.
1504 1781 1667 1855 Panzero
1690 1780 1757 1854 de·

142 1883 266 1977 suipra
287 1880 393 1971 longe
415 1874 517 1949 aliter·
545 1875 577 1947 se
602 1874 750 1951 habere,
780 1873 877 1944 acin
902 1872 1112 1947 editionibus
1130 1874 1251 1947 nostris
1273 1877 1400 1951 latinis.
1461 1877 1544 1950 Hoc
1560 1875 1675 1970 ipsum
1699 1898 1759 1951 ar·

144 1992 318 2077 gumento
344 1972 410 2049 esse
430 1970 560 2070 potest,
584 1967 745 2045 turbidos
767 1965 863 2042 sitisse
892 1968 1028 2053 sontes,
1055 1994 1100 2041 ex
1127 1971 1250 2065 quibus
1273 1972 1390 2049 sabula
1415 1973 1476 2048 illa
1494 1972 1668 2047 manavit.

144 2251 310 2346 XLIII.
357 2244 541 2339 Thomas
575 2246 624 2336 de
661 2238 792 2363 [sepis
822 2247 941 2359 (haec
980 2248 1158 2365 gothico
1198 2250 1443 2339 tharasiere
1483 2245 1756 2361 majusculo,

207 2409 214 2417 ·
256 2390 346 2453 non
371 2364 475 2450 item
500 2362 739 2476 sequentia,
768 2358 858 2447 sunt
884 2359 1105 2473 imprella)
1135 2359 1200 2447 De
1223 2364 1463 2450 imitatione
1481 2357 1623 2466 cinisii
1664 2364 1758 2452 ade

261 2486 505 2590 contemptu
532 2470 684 2562 omniti
703 2472 906 2559 vanitati
933 2474 1094 2559 mendi.
1128 2470 1194 2559 De
1214 2474 1380 2562 iuterna
1402 2471 1668 2584 accersitione
1684 2470 1756 2559 De

256 2589 427 2677 interne
456 2588 668 2673 locutione
695 2581 835 2688 cirilli
858 2586 915 2671 acl
944 2583 1130 2671 attineant
1149 2582 1329 2689 fidelem,
1375 2585 1477 2671 Cain
1496 2598 1662 2696 perier-tte
1689 2610 1754 2672 re·

256 2702 420 2789 acrisia
444 2692 632 2803 Christus
659 2692 713 2803 fii
727 2693 1039 2807 siscipiendus.
1073 2696 1197 2789 (lunt
1217 2702 1259 2781 bi
1283 2701 1395 2782 tituli
1416 2723 1602 2806 quatuor
1621 2700 1750 2782 libro·

255 2841 349 2902 rum
376 2817 431 2898 de
456 2810 701 2897 imitatione
726 2810 909 2914 Christi)
935 2809 1025 2893 lisia
1050 2804 1284 2911 &ohannes
1309 2806 1473 2920 Gerjon
1494 2806 1544 2894 tie
1570 2808 1743 2895 medita

138 2958 142 2965 ·
255 2925 373 3014 biotae
399 2922 557 3012 cordis.
615 2922 866 3032 Argentinae
890 2942 1017 3030 tage).
1040 2919 1085 3004 in
1107 2935 1149 3021 8.

297 3113 408 3189 Tituli
434 3139 529 3190 arne
549 3112 684 3188 recitati
705 3113 873 3206 leguntur
895 3110 930 3183 in
945 3112 1057 3205 prima
1069 3113 1171 3211 primi
1184 3112 1255 3189 solii
1269 3112 1416 3208 pagina:
1443 3110 1481 3181 in
1496 3108 1619 3181 aversa
1632 3117 1724 3183 aute

143 3208 306 3308 ejusdem
327 3213 447 3305 imago
469 3211 568 3304 ligno
586 3207 694 3283 incisa
707 3208 784 3304 Jelit
805 3206 990 3299 flagellati,
1020 3232 1142 3284 coram
1165 3233 1235 3303 quo
1258 3210 1367 3282 homo
1389 3227 1486 3299 genu
1507 3204 1647 3284 flexus,
1671 3224 1718 3280 oe

138 3310 288 3406 spicittu.
336 3306 436 3380 Folio
458 3305 608 3379 secundo
630 3303 754 3398 incipit
783 3299 931 3386 Tabula,
960 3305 1076 3380 brevia
1093 3304 1306 3399 smgulorum
1320 3300 1442 3375 ordine
1464 3297 1630 3391 capitum
1646 3316 1712 3387 ¹arg

138 3418 261 3480 menta
282 3401 476 3481 exhibens,
500 3422 580 3494 quae
600 3401 638 3471 in
660 3396 777 3473 aversa
801 3396 886 3471 sexti
905 3398 977 3471 solii
999 3401 1143 3495 pagina,
1166 3401 1258 3475 linea
1281 3422 1303 3494 7
1325 3394 1549 3469 terminatur.
1604 3387 1705 3463 Aac·

137 3498 356 3595 subscriptio:
384 3496 478 3570 Fluit
497 3492 624 3567 tabula.
674 3491 766 3565 Turn
781 3492 852 3566 duo
873 3492 1059 3587 sequuntur
1080 3495 1164 3570 solia
1183 3516 1306 3569 vacua.
1356 3487 1446 3561 Otto
1469 3484 1557 3556 haec
1584 3484 1670 3557 solia

137 3595 215 3668 sunt
236 3593 380 3687 signata.
439 3590 544 3665 Nono
563 3592 709 3664 demum
730 3587 833 3670 solio,
863 3586 999 3680 signato
1019 3589 1072 3671 Β,
1104 3589 1179 3661 Inc'
1201 3593 1227 3662 it
1250 3582 1336 3657 iiber
1353 3585 1492 3681 primus
1506 3576 1622 3671 fratri
1640 3572 1694 3651 Γ

139 3689 180 3761 tie
204 3688 358 3782 Kempir:
383 3688 531 3759 cononici
553 3684 718 3781 regularis
741 3681 869 3755 ordinis
885 3679 994 3776 firnll'i
1017 3680 1134 3776 Augu.
1199 3710 1216 3755 e
1242 3681 1421 3753 irritatior
1442 3671 1540 3779 §pit
1563 3666 1605 3775 dt
1625 3680 1686 3751 τᾶ

138 3796 176 3858 lo
200 3772 265 3855 eim
292 3785 445 3852 vanitati
466 3780 568 3850 madi.
620 3779 661 3850 in
682 3777 845 3870 superiori
862 3776 1027 3880 margine
1050 3778 1175 3870 primae
1195 3773 1365 3867 cujusvis
1392 3766 1470 3845 solu
1490 3780 1646 3924 ἕξων.

135 3876 292 3973 graphus
325 3876 452 3948 librum
487 3872 670 3952 indicavit,
702 3895 734 3942 e.
757 3894 793 3963 g.
821 3864 925 3973 Liber
951 3869 1079 3959 primes
1097 3866 1270 3945 -Liber
1298 3862 1469 3944 Tertiae.
1558 3852 1674 4012 gleb

135 3974 247 4047 etiam
272 3968 425 4040 initiales
447 3966 569 4039 literas
595 3984 724 4054 parvas
756 3962 898 4055 adjecit.
975 3957 1155 4039 Foliorum
1175 3960 1365 4049 nemeti,
1399 3961 1439 4033 ἃ
1459 3943 1557 4052 custo
1582 3963 1624 4013 ὃ

348 4063 407 4132 'na
438 4058 511 4130 folii
540 4056 651 4129 otlavi
674 4051 916 4147 quaternionis
933 4073 958 4122 u
985 4055 1061 4144 post
1078 4056 1215 4135 lineam
1237 4066 1400 4134 tems
1424 4046 1607 4119 decimam
1628 4056 1662 4107 ι

299 4084 400 4227 aIber
421 4162 561 4245 qrrarm
577 4146 619 4220 ts
644 4148 761 4218 oltim⁹
786 4145 827 4217 de
835 4145 1047 4231 sacramento
1067 4152 1202 4226 duris.
1220 4146 1321 4223 dte.
1382 4152 1480 4230 Duoe
1493 4124 1657 4221 solim

131 4249 385 4367 mpaginae
409 4247 514 4329 lineae
539 4242 634 4320 lunt:
