3644 4964
654 107 1100 241 ψ
1717 166 1745 263 3

79 328 258 435 fietenfis
281 323 327 402 In
352 318 560 401 Atomotto.
578 321 736 420 fitnotoo.
763 319 971 406 Boccoloriti
1004 325 1048 404 In
1077 326 1243 426 theologia
1267 326 1424 424 fhrmotti
1453 329 1494 407 ln
1521 331 1615 430 ligno
1639 332 1657 434 (
1668 333 1742 433 sc)

82 425 280 509 hebraico
297 421 522 525 proficientem
545 419 617 597 goi
635 446 664 502 κ
682 425 736 519 ipo
759 427 920 519 corrigite
940 422 1106 526 Inprtffios
1125 434 1166 529 est
1188 452 1210 512 n
1240 428 1383 525 discret-zi
1410 455 1450 503 uc
1475 431 1643 531 Inrinslriti
1665 439 1744 507 virzi

94 525 319 606 aoraton
345 521 382 598 F
398 548 456 611 ner
479 520 520 597 dt
581 520 725 619 arhusan.
762 521 806 597 In
839 523 1019 623 Esslingen
1043 516 1213 623 Inperii‘li
1242 527 1336 601 villo.
1374 553 1414 601 nc
1435 531 1541 627 opset⁹
1568 529 1674 605 Anno
1700 529 1744 606 ab

88 625 332 705 Incornncie
381 623 417 696 iii
438 620 618 720 Milirstmo
639 617 985 797 ccccixorudicrsexta
1008 616 1128 728 Junij.
1180 625 1374 700 Accedunt
1403 623 1438 724 ι)
1458 629 1590 703 litteris
1611 629 1744 706 iisdem

86 719 307 823 impressa,
332 720 478 795 nomina
501 719 670 795 librorum
688 721 823 796 veteris
839 736 875 795 te
906 727 1061 808 amenti,
1088 723 1216 820 quibus
1241 737 1317 799 tam
1336 727 1433 819 apud
1453 725 1605 814 latinos,
1634 752 1745 825 quam
1794 728 1798 733 ’

92 825 304 904 Hebraeos
324 816 576 915 inhgniuntur.
629 815 671 916 2)
699 818 900 914 implicatio
923 821 1103 916 alphabeti
1134 822 1304 900 hebraici.
1372 822 1411 921 3)
1437 825 1572 899 Decem
1598 848 1744 921 praece·

138 938 184 998 ta
212 917 378 1013 decalogi
408 917 577 994 hebraice
608 917 733 992 latinis
757 919 890 994 litteris
916 917 1098 1015 impressa,
1126 944 1210 996 cum
1239 917 1396 994 versione
1425 947 1550 997 eorum
1572 923 1683 1013 latina
1706 940 1744 1002 et

88 948 298 1103 Polutione
325 1015 552 1112 quarundam
580 1015 837 1091 obiectionum.
914 1015 974 1092 A'd
1000 1017 1139 1094 calcem
1173 1019 1300 1092 harum
1331 1017 1558 1097 additionum
1588 1022 1742 1118 legitur:
1793 1054 1806 1060 -

93 1120 199 1197 Isos
223 1113 433 1191 ouiioritotes
454 1107 582 1212 pinctis
600 1110 820 1213 snbimjimete
849 1115 920 1215 ioffl
944 1113 1043 1212 quibo
1073 1118 1122 1189 uti
1149 1119 1272 1213 poteris
1296 1118 1330 1190 in
1355 1117 1435 1191 locis
1449 1117 1531 1217 sotir.
1583 1119 1633 1196 Et
1654 1123 1744 1197 nihil

99 1218 291 1314 amplius.
369 1213 425 1288 De
449 1225 622 1296 auctore.
648 1213 708 1308 qui
733 1215 769 1288 in
792 1215 982 1290 matricula
1012 1213 1267 1314 Universrtatis
1301 1212 1441 1292 nostrae
1472 1218 1519 1292 ad
1555 1218 1651 1292 diem
1686 1246 1742 1318 27.

103 1316 251 1393 Martii
276 1324 335 1388 an.
368 1321 458 1407 ¹473
481 1311 572 1385 inter
598 1309 781 1408 inscriptos
811 1312 947 1406 legitur
983 1313 1043 1387 his
1075 1313 1214 1387 verbis:
1252 1308 1375 1386 nater
1401 1325 1515 1411 petrns
1539 1314 1680 1392 Snortz
1703 1320 1744 1393 de

113 1413 270 1491 Godana
296 1407 425 1487 ordinis
441 1407 689 1508 predicatorum
705 1408 804 1508 sucre
826 1411 986 1508 theologie
997 1411 1247 1486 Boccolourrns
1255 1411 1449 1503 formatus,
1479 1416 1574 1488 cons.
1594 1414 1744 1518 Frentog

96 1511 230 1592 ⁸ainai.
252 1533 336 1614 pag.
358 1511 443 1598 ⁶34·
463 1509 521 1586 vbi
544 1507 655 1584 etiam
676 1509 723 1585 de
748 1532 857 1608 opere
882 1507 973 1607 ipso,
999 1509 1038 1588 u
1060 1510 1130 1585 hac
1153 1509 1313 1586 editione
1336 1511 1479 1588 notitiae
1503 1511 1693 1592 habentur.

730 1674 938 1799 auno
988 1705 1136 1818 1476.

203 1920 206 1925 ’
288 1902 330 2006 1)
357 1902 544 2006 Justiniani
557 1904 648 2002 Imp.
666 1902 937 1982 institutionum
958 1903 1059 1982 Libri
1074 1904 1134 1984 lV.
1189 1902 1229 2006 2)
1243 1903 1561 1992 ‘huthenticarum
1579 1911 1744 1991 collatio·

111 2004 356 2086 nesNovem.
408 2002 449 2106 3)
476 2005 625 2082 Codicis
648 2003 728 2078 libri
748 2029 873 2080 10.11.
896 2019 934 2080 et
960 2028 1014 2079 12.
1065 2002 1109 2104 4)
1136 2004 1242 2082 Liber
1258 2006 1461 2086 feudorum.
1513 2009 1642 2088 Omnia
1658 2037 1744 2087 cum

114 2117 298 2205 apparatu
321 2101 491 2180 Accursri.
543 2101 738 2178 Accedunt
760 2104 1049 2200 Extravagantes
1072 2126 1156 2177 cum
1182 2120 1354 2199 apparatu
1377 2105 1531 2180 Bar-toli.
1559 2107 1635 2189 Fol.
1656 2109 1742 2210 maj.

117 2204 341 2284 Praecedunt
367 2204 519 2279 rubricae
540 2200 670 2276 horum
693 2202 858 2297 omnium
878 2223 1027 2299 operum
1049 2200 1147 2274 soliis
1170 2202 1332 2286 duobus,
1358 2202 1561 2280 &dimidio
1582 2231 1745 2303 compre·

120 2302 252 2381 hentae.
329 2301 493 2377 Charati.
517 2312 642 2375 textus
662 2301 763 2396 goth.
790 2301 974 2397 pinquior,
1010 2297 1047 2374 ὅ(
1080 2296 1308 2394 majusculus.
1384 2301 1742 2381 Commentariorum

124 2426 208 2481 vero
228 2416 365 2477 roman.
417 2399 555 2475 Desunt
575 2398 699 2494 signat.
718 2398 911 2499 Custodes,
937 2397 1098 2480 numeri,
1126 2397 1163 2472 dc
1189 2397 1434 2494 inscriptiones
1448 2399 1629 2481 foliorum.
1684 2392 1744 2480 hh

125 2501 262 2579 calcem
282 2499 360 2577 libri
380 2499 439 2577 IV.
464 2496 733 2575 institutionum
754 2497 907 2592 legitur:
945 2493 1041 2571 Finis
1060 2497 1293 2594 institutionum
1320 2519 1392 2569 cnm
1412 2511 1580 2592 apparato
1606 2526 1705 2576 occur
1718 2505 1745 2578 ri

124 2599 397 2774 cinitlssortntini
422 2593 556 2697 impffur
572 2620 671 2670 rome.
720 2593 824 2670 Anno
838 2593 963 2694 scriniis
985 2590 1261 2668 MocchxocVI.
1278 2591 1380 2689 sedni
1403 2592 1515 2670 Sixto.
1546 2599 1606 2674 iiii.
1632 2604 1744 2695 ponti·

116 2699 183 2798 fior
257 2702 338 2774 axio
362 2705 426 2771 rino
443 2694 662 2794 pontificatur
685 2695 753 2769 eius
781 2697 905 2790 quinto.
942 2717 1025 2769 cum
1062 2693 1182 2766 indice
1214 2691 1447 2766 rubricarum.
1522 2695 1582 2772 Ad
1607 2701 1745 2775 calcem

78 2789 98 2799 ⁸
123 2798 415 2875 authenticarum
439 2795 529 2893 nihil
551 2791 782 2890 subscriptum
805 2793 949 2890 legitur.
999 2791 1103 2867 Folio
1127 2802 1250 2865 autem
1275 2789 1436 2886 sequenti
1457 2790 1615 2868 Codicis·
1633 2795 1743 2872 iiber·

124 2899 312 2996 incipitur.
385 2892 445 2971 Ad
470 2893 608 2969 calcem
633 2893 838 2967 duodecimi
862 2890 953 2967 nihil
975 2893 1110 2987 pariter
1134 2888 1363 2986 subscriptum
1388 2889 1449 2965 est.
1520 2890 1583 2969 Ad
1605 2895 1743 2972 calcem

123 3021 212 3076 teto
235 2995 426 3072 feudorum
447 2991 599 3091 legitur:
627 2989 720 3066 Finit
735 2991 884 3087 feliciter
910 2987 994 3065 liber
1011 2989 1193 3085 sendornm
1219 2985 1386 3087 impraffns
1411 2988 1515 3065 Ilorne
1535 3006 1619 3090 aput
1639 2993 1742 3093 (hc)

114 3093 268 3198 sonetum
295 3090 455 3168 Marcum
485 3089 590 3168 Anno
614 3093 831 3166 cautiuitote
856 3089 924 3165 diii.
952 3088 1007 3164 M.
1032 3116 1112 3165 cccc.
1139 3087 1249 3167 lxxvi.
1286 3088 1340 3161 die
1370 3090 1447 3164 inne
1469 3115 1527 3167 oro.
1554 3093 1642 3187 misti
1670 3095 1745 3169 iulii

122 3193 201 3292 [edri
222 3191 326 3365 (stez
350 3190 451 3268 Sixto
471 3201 590 3288 quarto
612 3189 768 3286 pontifice
792 3191 942 3264 moxinro
964 3214 1052 3263 anno
1073 3186 1290 3286 ponthicotns
1313 3191 1381 3262 eins
1396 3191 1486 3290 into.
1565 3189 1742 3267 Extraua·

124 3307 252 3390 gantos
273 3293 309 3368 so
327 3293 371 3365 iis
402 3315 455 3365 ιι.
481 3290 748 3386 comprehensae
772 3289 866 3363 sunt:
893 3288 982 3362 solio
1006 3303 1129 3363 autern
1148 3287 1249 3362 verso
1269 3287 1397 3362 ultimo
1419 3288 1613 3364 exhibetur
1639 3290 1743 3389 Regi·
1769 3318 1772 3323 ·

115 3396 222 3494 sirum
245 3389 512 3563 (ehamarumrs
536 3387 631 3462 huius
662 3389 839 3462 uoluminis
871 3387 972 3479 iuncto
1001 3385 1149 3459 ordinem
1208 3385 1250 3459 lo.
1329 3385 1383 3460 Cl.
1416 3385 1455 3460 P.
1477 3386 1681 3463 Audiffredi
1706 3392 1744 3466 in

125 3491 303 3585 catalogo
327 3488 475 3564 Rome
503 3488 540 3564 't.
566 3485 659 3563 Saec.
685 3485 767 3562 XV.
798 3508 872 3558 non
897 3481 961 3557 nist
985 3485 1115 3559 Libros
1141 3484 1155 3558 l
1194 3540 1202 3558 .
1254 3480 1518 3559 Institutionum
1548 3485 1744 3564 secundum

124 3589 219 3671 banc
248 3588 442 3663 editionem
477 3600 648 3670 noverat,
688 3586 725 3662 dt
752 3608 798 3659 ne
826 3583 871 3658 de
898 3583 955 3656 his
982 3583 1131 3679 quidem
1157 3582 1365 3656 adcuratam
1398 3582 1524 3656 habuit
1552 3585 1744 3672 notitiam,

125 3703 171 3767 uc
191 3699 294 3786 patet
316 3711 362 3762 ex
385 3685 634 3780 subscriptione
664 3685 708 3758 ab
735 3708 779 3759 eo
801 3681 955 3756 recitata
971 3703 1011 3777 p.
1036 3705 1090 3755 11.
1144 3677 1272 3754 Haulit
1303 3679 1398 3777 hanc
1428 3681 1596 3756 notitiam
1619 3705 1665 3755 ex
1687 3683 1762 3756 ins

125 3789 208 3865 dice
231 3784 468 3862 Bibliothecae
493 3785 521 3859 F
523 3783 609 3872 elini
638 3784 689 3859 hl.
708 3781 865 3867 Sandei,
895 3801 1000 3876 quem
1026 3789 1149 3855 tameo
1170 3800 1203 3873 p.
1225 3788 1306 3860 208·
1326 3777 1364 3850 in
1386 3779 1512 3851 nota*
1539 3777 1650 3873 quood
1660 3775 1744 3877 snb·

118 3885 319 3987 scriptiones
340 3881 521 3982 prasertim
548 3878 809 3957 accuratissime
839 3899 1029 3955 exaratum
1051 3873 1119 3950 esse
1144 3872 1324 3949 adfirmat.
1400 3876 1526 3950 Minus
1555 3892 1741 3965 accurate,

124 3987 239 4065 immo
262 3982 454 4058 oscitanter
474 3995 662 4057 exaratum
687 3979 754 4055 esse
778 3978 997 4074 Catalogum
1021 3975 1123 4051 illum
1148 3997 1243 4048 novo
1264 3988 1480 4068 argumento
1496 3974 1642 4072 probari
1664 3977 1743 4072 pos·

124 4082 194 4172 set,
236 4080 262 4158 sr
294 4081 473 4159 constaret
503 4093 624 4164 certo,
666 4078 763 4175 quod
798 4077 1110 4175 probabilissimum
1141 4073 1204 4160 est,
1250 4071 1407 4147 indicem
1435 4072 1622 4148 feudorum
1653 4075 1740 4152 ibid.

123 4206 159 4287 p.
184 4198 264 4267 208.
291 4179 343 4263 N.
360 4177 424 4255 Vl.
453 4180 673 4263 excitatum,
707 4177 895 4256 &Romae
918 4182 1014 4276 apud
1037 4175 1075 4253 S.
1091 4193 1255 4253 marcum
1273 4169 1480 4269 impressum
1502 4173 1658 4251 eundem
1675 4172 1743 4251 esse

120 4305 208 4362 cum
232 4279 388 4381 superius
409 4278 555 4359 laudato
584 4277 686 4376 libro,
704 4275 907 4355 feudorum.

876 4559 926 4656 A
953 4584 982 4653 2
1482 4478 1685 4643 ANNO
