3644 4964
130 200 336 289 ια’
779 151 1098 279 ss

124 368 242 444 fronte
259 340 486 465 praefationis.
535 362 760 440 Terminotur
780 360 985 474 opusculum
1004 362 1042 452 in
1055 359 1174 474 ayerla
1185 357 1314 458 pagina
1330 357 1405 437 lolii
1422 360 1509 437 sexti
1530 359 1701 441 temionu
1713 362 1745 441 l.

127 466 275 576 Legitur
294 465 427 538 ibidem
445 461 598 536 austoris
616 474 718 542 nota,
747 460 806 535 seu
828 460 1005 541 marculus
1030 458 1255 554 scaporum,
1283 459 1345 554 qui
1365 460 1412 533 de
1438 460 1594 554 gemmis
1622 461 1662 535 ἀ
1689 461 1746 537 la·

127 560 269 659 pidrbus
292 561 393 656 plura
415 558 623 655 teripserunu
667 554 840 630 ·Accedit
864 557 949 631 anni
973 568 1077 631 nota:
1104 551 1217 629 Anno.
1243 552 1298 628 M.
1313 553 1555 651 cccdaxxoij..
1569 576 1652 653 quae
1676 558 1746 633 aba

130 656 239 733 dubio
263 654 497 752 imprellronie
516 676 652 753 aunum
674 652 850 763 designat,
880 674 954 727 non
979 648 1249 748 compositione
1320 648 1418 728 Nam
1442 651 1645 748 opusculum
1670 654 1748 727 hoo

43 806 45 811 -
130 752 209 849 jam
227 774 321 827 armo
346 766 436 847 1483
456 752 506 826 irn
547 748 656 836 ellum
679 748 746 834 est,
778 747 929 844 ideoque
956 750 1002 824 ab
1032 747 1339 855 austore'dudunr
1362 761 1446 823 ante
1476 766 1610 824 annum
1636 763 1746 845 1481.

133 845 829 1040 ⁶⁰lil⁶l⁰tal⁰trliin¹¹rt³r
848 864 936 1015 iit}
955 841 1378 1015 osslllif‘lefilull‘m
1396 845 1504 927 Μ
1525 848 1571 922 ‘²’
1596 845 1667 922 ¹¹²⁰
1687 844 1747 919 ‘¹³‘

135 969 181 1021 ve
332 969 354 1017 u
685 994 694 1017 .
992 994 1000 1013 .
1140 994 1149 1011 .
1329 995 1337 1014 .

139 1242 294 1335 lllllll.
325 1207 516 1362 Incipiat
555 1242 775 1360 sermones
806 1234 949 1353 sarili
985 1234 1215 1439 Aafaflini
1249 1239 1307 1328 aa
1345 1239 1574 1330 heremitas
1611 1246 1747 1339 ιιιὸιι

255 1358 365 1445 nulli
387 1360 443 1447 aa
463 1355 711 1470 sacedotes
724 1354 858 1469 suos:
892 1382 907 1451 t
936 1354 993 1441 od
1027 1355 1197 1467 atq-tros
1225 1355 1352 1442 alios.
1422 1349 1484 1442 Et
1512 1357 1660 1470 primo
1695 1362 1747 1449 dr

249 1462 461 1576 illinuntur
488 1470 706 1588 regularis
731 1467 818 1556 vite
833 1464 955 1580 ssmo
979 1469 1024 1588 p.
1085 1468 1289 1558 Veneriis
1311 1465 1665 1581 perPaganinum
1694 1479 1749 1561 de

252 1585 476 1696 Paganinis
506 1609 630 1697 1487.
661 1585 704 1670 in
739 1608 763 1693 8

307 1803 484 1880 Praecedit
519 1803 628 1881 index
659 1802 876 1888 sermonum,
917 1803 1097 1880 inavetia
1117 1802 1258 1880 sectandi
1277 1802 1353 1882 folii
1378 1805 1505 1901 pagina
1528 1804 1752 1891 tenninatus'.

143 1903 186 1980 ln
206 1901 320 1978 fronte
342 1904 465 1997 prirnae
482 1903 660 1978 oolumnae
680 1902 756 1999 ¹folii
777 1902 870 1975 tertii
894 1901 1000 1976 verba
1023 1900 1189 1996 leguntur
1214 1901 1310 1977 tituli
1346 1900 1426 1976 loco
1458 1902 1617 1977 recitata.
1666 1903 1753 1977 Ser·

141 2022 269 2075 mones
291 2021 398 2095 porro
419 1994 472 2071 isti
496 1998 696 2074 charattere
725 1997 868 2090 gothico
884 1997 920 2070 in
934 1997 1070 2072 duabus
1092 1997 1265 2071 columnis
1284 1995 1433 2092 imprellr
1456 1998 1544 2072 sunt.
1593 1997 1752 2073 initiales

142 2096 262 2170 literas
285 2117 409 2190 parvas
430 2093 673 2191 typographus
693 2093 783 2188 laepe
805 2090 953 2187 adjecit,
982 2093 1070 2204 saepe
1094 2091 1217 2167 onrifit.
1270 2095 1413 2169 Chartae
1435 2096 1550 2168 literis
1573 2117 1661 2170 a·r
1681 2094 1754 2192 fig-

144 2203 242 2283 natae
264 2190 350 2263 sunt.
401 2189 592 2275 Custodes,
622 2188 786 2263 foliorum
801 2189 957 2274 numeri,
982 2187 1021 2263 δι
1034 2188 1271 2283 inscriptiones
1285 2189 1491 2287 paginarum
1503 2190 1636 2265 desunt
1688 2189 1755 2265 Ad

141 2286 280 2362 calcem
304 2285 466 2362 secundae
488 2287 667 2361 columnae
683 2285 755 2360 folii
783 2285 869 2361 sexti
895 2284 1064 2359 terrionis
1084 2308 1103 2359 r
1123 2286 1270 2381 leginrr:
1310 2284 1501 2385 impressum
1524 2286 1673 2361 Veneriis
1717 2312 1756 2363 ee

143 2382 347 2478 Paganiuug
370 2382 411 2455 dr
428 2408 477 2480 po
501 2385 609 2456 arinis
623 2381 806 2457 Brixiae.
830 2379 935 2456 Anno
948 2379 1089 2455 Domini
1106 2381 1161 2456 M.
1176 2408 1256 2456 cccc.
1273 2380 1420 2479 lxxxuij.
1443 2383 1507 2458 die.
1527 2387 1627 2480 xxvj.
1689 2384 1755 2483 aij.

143 2480 314 2556 Continet
336 2479 416 2555 haec
443 2408 552 2555 eAEtio
573 2478 770 2562 sermones,
800 2478 940 2589 Santio·
953 2475 1151 2573 Augustino
1179 2479 1386 2575 adscriptos,
1410 2480 1662 2577 quinquaginta
1686 2504 1758 2558 no·

144 2598 239 2651 vern.
304 2572 493 2652 Accedunt
512 2599 598 2651 vero
617 2576 663 2650 de
683 2574 809 2650 Santla
843 2575 988 2649 Momca
1006 2574 1120 2650 sermo
1144 2573 1192 2652 lx.
1217 2575 1334 2650 Cal'rsti
1362 2579 1516 2651 narratio
1537 2577 1584 2649 de
1603 2598 1756 2652 conver·

144 2669 239 2746 lione
263 2669 300 2745 S.
324 2669 523 2767 Augustini.
572 2672 755 2768 Sigioberti
777 2672 824 2745 de
845 2672 974 2748 eodem
994 2672 1150 2748 narratio
1175 2695 1222 2747 ex
1244 2672 1385 2769 epistola
1412 2673 1459 2748 ad
1486 2672 1756 2751 Macedonium.

142 2768 320 2864 urcerpta
340 2768 506 2863 quaedam
533 2792 580 2842 ex
610 2767 775 2842 chronico
800 2766 925 2843 Bedae.
988 2767 1196 2843 Relationes
1218 2768 1301 2845 aliae
1322 2769 1540 2844 incertorum
1557 2767 1757 2847 eustanum

142 2861 268 2939 Oratio
289 2864 336 2937 de
360 2861 517 2940 Pallrone
546 2863 707 2947 Danuui,
733 2862 954 2939 anonnullis
973 2862 1102 2939 Sansto
1122 2860 1183 2938 Au
1234 2863 1319 2939 stine
1341 2863 1528 2960 adscnpn,
1554 2885 1664 2960 quam
1691 2886 1760 2975 pet

143 2959 377 3127 manag-iota
400 2961 586 3037 coannuos
603 2958 682 3036 dies
703 2959 933 3037 recitantibus
954 2959 1159 3038 Bonifacius
1215 2960 1278 3037 Ill.
1300 2960 1496 3060 plenariam
1513 2959 1679 3056 conaelle
1699 2982 1760 3038 ur·

205 3070 377 3151 genuam

729 3274 909 3404 anuo
977 3324 1167 3427 1488·

144 3503 182 3594 Ι.
213 3500 406 3593 Nestoris
436 3501 640 3618 Dionysii
669 3501 946 3596 Novaniensis
973 3507 1078 3597 Ord.
1105 3506 1218 3599 Min.
1259 3507 1383 3622 Opus
1408 3490 1753 3603 Grammaticunr

258 3617 565 3819 ἰιηίῖιιὲιιιιειιιιο
599 3622 654 3708 de
684 3618 869 3709 Tridioo
908 3621 1182 3736 (Venetiis)
1215 3617 1456 3784 imprellum
1490 3647 1588 3716 ann.
1622 3640 1753 3731 1488.

302 3940 349 4015 ln·
364 3939 485 4016 averia
506 3938 609 4037 primi
627 3936 701 4015 solii
764 3939 847 4038 gina
870 3938 999 4035 legitur
1026 3938 1178 4015 tutioris
1207 3938 1365 4034 Epistola
1391 3942 1627 4029 dedicatoria,
1647 3938 1759 4021 v'erfi·

142 4038 210 4113 bus
228 4034 372 4131 scripta,
398 4036 447 4147 acl
466 4036 688 4111 Ludovicum
711 3963 891 4113 florum
942 4034 1042 4111 Folio
1060 4048 1191 4149 'autern
1217 4034 1367 4148 leuando
1400 4039 1556 4138 Nestoris.
1607 4037 1758 4215 Htw

144 4131 343 4229 Nouarrifis.
369 4128 497 4204 ordmr's
518 4131 693 4206 Momm
719 4130 803 4207 liber
821 4155 960 4232 premas.
981 4131 1147 4224 soelrcrter
1169 4135 1294 4228 recepit.
1383 4133 1531 4211 Constat
1556 4156 1649 4230 opus

141 4227 255 4310 libris,
279 4249 429 4324 quorum
443 4226 503 4302 sex
518 4228 653 4324 priores
671 4229 830 4312 Lexiooa
850 4226 1030 4305 continent
1043 4232 1276 4324 grammatico
1290 4271 1306 4288 ·
1321 4230 1606 4326 philosophicum
1621 4254 1759 4312 uocum

144 4323 347 4401 seloilarunr
370 4323 441 4397 duo
463 4340 548 4397 vero
566 4320 774 4415 posteriores
794 4327 841 4400 de
862 4322 1006 4401 diversis
1027 4338 1139 4420 agurn
1153 4327 1311 4422 partibus
1333 4326 1514 4403 orations.
1564 4321 1760 4405 Accedunt

145 4422 241 4519 operi
260 4415 377 4495 Primo
399 4417 545 4517 qudem
567 4414 762 4514 Catalogua
791 4418 1007 4504 nouorum,
1038 4446 1084 4501 ex
1116 4440 1268 4521 quorum
1296 4423 1429 4522 scriptis
1458 4418 1577 4500 austor
1607 4420 1762 4593 luesde-

1472 4524 1475 4529 '
1539 4536 1665 4615 promp
1679 4527 1709 4593 rt
