3644 4964
77 212 106 306 r
727 106 1216 313 ψ

80 439 158 490 nnm
180 407 227 485 ad
248 403 394 485 rationes
411 405 622 506 monadicus,
649 400 869 477 terminatus
894 398 981 475 folio
998 405 1019 476 6
1045 397 1142 475 relic
1160 395 1332 475 ternionis
1351 421 1382 474 e.
1409 397 1473 475 ubi
1493 398 1604 478 etiam
1623 398 1667 476 lta
1680 368 1731 451 b

78 510 277 607 scriptionis
303 507 387 582 loco
409 506 543 602 legitur
564 500 750 597 Regiflrum
775 500 1002 584 chartarum,
1031 499 1163 576 &vox
1185 496 1296 572 Finis.
1357 495 1501 584 Editio,
1529 514 1570 575 ut
1588 499 1659 595 iplu
1681 483 1750 549 ¹⁰

81 608 307 708 opusculum,
333 603 472 716 prorsus
495 603 640 676 videtur
660 599 860 693 incognita.
913 597 975 673 Est
999 599 1096 674 enim
1114 593 1290 673 diuersum
1305 594 1352 669 ab
1371 616 1485 693 opere
1504 594 1627 677 similis
1642 588 1759 676 ej·

79 707 261 809 gumenti‚
287 725 394 802 cujus
404 701 528 813 audior
537 697 587 777 est
598 695 773 776 Eusebius
784 697 989 784 Corradus,
1015 697 1106 772 Can.
1116 695 1211 794 Reg.
1223 694 1322 793 apud
1332 692 1441 771 Dmis
1442 690 1561 798 suppl.
1571 719 1608 797 p.
1620 692 1770 795 54aei

683 886 892 984 ANNO
941 906 1096 1004 1488·

104 1104 107 1109 ’
239 1126 272 1177 1.
302 1091 474 1195 Esancffci
510 1087 723 1166 Mntnrantii
758 1086 908 1190 Pesnstni
950 1086 1032 1164 Viri
1066 1085 1291 1189 Eruditiffimi
1331 1084 1593 1169 Enarrationer.
1647 1089 1787 1168 1⁶·

76 1200 134 1282 M.
163 1197 202 1277 T.
230 1196 398 1274 Ciceronis
423 1191 642 1289 Philippicas.
669 1190 706 1263 in
727 1187 804 1264 Fol.
880 1188 992 1264 Praett
1016 1188 1229 1266 Maturantii
1251 1187 1399 1288 epistola
1430 1190 1478 1265 ad
1510 1191 1594 1292 Joh.
1622 1192 1746 1268 Mar
1763 1208 1791 1247 ··

76 1305 168 1379 riam
190 1296 392 1373 Aureolum
417 1290 662 1371 Vicentinum.
724 1285 889 1363 Charalt.
913 1285 1072 1363 Roman.
1093 1301 1168 1363 tam
1190 1290 1227 1365 in
1250 1302 1374 1374 textu,
1400 1309 1510 1385 quam
1535 1292 1575 1365 in
1597 1296 1794 1367 errar‘⁸⁴

75 1400 297 1479 rationibus,
324 1416 409 1468 cum
428 1391 555 1488 srgoat.
580 1386 653 1463 fine
680 1385 816 1462 custod.
840 1384 879 1462 dc
903 1409 1002 1462 num.
1026 1385 1100 1461 foll.
1166 1384 1227 1463 Ad
1248 1386 1386 1464 calcem
1409 1387 1538 1484 primae
1556 1391 1795 1487 pagio&

75 1500 152 1576 folii
176 1498 210 1566 6.
232 1492 404 1568 ternionis
437 1511 482 1563 n:
518 1482 709 1585 Impreffism
745 1483 906 1567 [lieentia
932 1509 994 1580 per
1027 1483 1194 1560 lsmriessm
1215 1485 1257 1561 de
1269 1483 1387 1584 strada
1408 1486 1506 1586 arsia.
1553 1486 1614 1564 M.
1631 1494 1797 1564 cerff

77 1591 245 1678 lxxxviii.
269 1591 333 1666 die.
353 1588 437 1661 viiii.
464 1583 562 1682 menſs
586 1585 681 1659 iunii.
733 1582 902 1659 Meminit
919 1583 1044 1658 Harsa.
1069 1607 1151 1681 pag.
1173 1611 1252 1679 roo.
1570 1640 1575 1647 -
1644 1624 1647 1629 ·

240 1712 272 1763 a.
299 1685 398 1761 Libri
415 1697 571 1780 quatuor
589 1683 635 1756 de
654 1681 860 1757 [miratione
882 1681 960 1780 Jesa
982 1682 1127 1772 Christi,
1153 1686 1215 1782 qui
1241 1683 1280 1761 in
1299 1682 1370 1761 bac
1392 1681 1551 1767 editione
1566 1683 1797 1784 Johanae·

77 1791 117 1869 ni
142 1785 279 1864 Gcrson
306 1782 532 1859 Cancellario
552 1778 731 1857 Parilrensr
756 1778 1010 1857 adscribuntur.
1034 1782 1073 1856 in
1096 1803 1132 1876 4.
1184 1784 1354 1859 Praeeunt
1378 1780 1503 1858 Tabale
1525 1785 1795 1882 capitulana!

73 1876 407 1981 ilibrosseqnentes.
482 1878 649 1955 Charati.
678 1879 782 1970 goth.
808 1901 892 1952 cnm
912 1876 1038 1974 srgnat.
1064 1881 1136 1957 sine
1158 1881 1293 1956 custod.
1313 1880 1352 1958 de
1372 1904 1472 1957 num.
1500 1880 1578 1958 foll.
1658 1883 1699 1958 lo
1742 1889 1791 1945 ³

76 1988 145 2065 col.
167 2011 201 2082 3.
223 1982 300 2057 folii
327 2007 360 2078 3.
400 1976 580 2055 ternionis
601 1977 629 2052 f.
669 1974 827 2072 Explicit
852 1968 938 2051 liber
982 1990 1100 2054 nartns
1124 2019 1163 2037 ·-
1188 1975 1344 2085 Jolninis
1377 1977 1497 2078 gerson
1527 1978 1700 2057 eneelleete·
1730 1963 1792 2027 ἦ

72 2082 255 2186 pasifienfir
275 2080 317 2154 de
336 2084 443 2152 cdtitn
466 2074 560 2150 maai
580 2073 701 2148 dadoni
724 2086 757 2147 et
781 2072 862 2146 vtile
884 2002 1048 2174 opmdalei.
1123 2073 1288 2180 Insps'effei
1309 2077 1459 2180 Auguste
1484 2091 1558 2154 arte
1578 2090 1610 2154 et
1637 2080 1700 2153 im·
1762 2098 1789 2119 ⁴

71 2184 177 2285 pe'nfis
200 2176 359 2255 Erlsardi
380 2173 509 2251 ratdolt
533 2176 601 2249 viri
613 2171 730 2269 solent.
781 2169 887 2248 Anno
908 2172 969 2247 deii
996 2175 1052 2250 M.
1078 2203 1159 2253 cccc.
1187 2175 1356 2276 lxxxviij.
1423 2175 1582 2254 Accedit
1603 2177 1698 2255 Ger·

72 2273 170 2362 sonis
187 2280 358 2356 trattatus
379 2275 425 2350 de
452 2272 692 2351 meditatione
710 2270 857 2359 cordis,
880 2271 979 2349 foliis
1001 2275 1142 2353 duobus
1169 2274 1208 2353 ds
1233 2276 1385 2352 dimidio
1405 2275 1696 2373 comprehensus.

72 2381 137 2459 Aa
159 2381 316 2455 calcem:
344 2372 504 2472 Explicit
523 2369 612 2448 lilen
626 2371 668 2447 de
689 2369 880 2447 meditatim
899 2371 1021 2449 cordis.
1048 2374 1155 2451 Conf.
1179 2373 1303 2450 Braan
1321 2384 1402 2473 pag.
1424 2381 1502 2451 1⁶2.
1554 2375 1597 2451 ln
1620 2374 1696 2450 edi·

72 2481 174 2556 tione
198 2498 351 2573 operum
371 2473 539 2549 Gersonis
563 2471 694 2547 eodem
716 2492 812 2545 anno
830 2469 921 2547 faita
943 2471 981 2547 hi
1005 2487 1161 2570 quatuor
1187 2472 1268 2548 libri
1289 2473 1336 2548 de
1357 2473 1569 2549 Imitatione
1581 2473 1611 2572 J.
1629 2473 1696 2550 Ch.

74 2577 340 2654 Gersonis-non
362 2571 450 2661 elie,
478 2567 755 2668 sedpujusdam
772 2568 949 2647 Canonici
964 2571 1156 2667 Regularis
1179 2571 1399 2659 Thomaede
1418 2571 1572 2671 nempis
1593 2572 1698 2653 nimi·

72 2699 176 2763 rum,
206 2672 274 2750 elie
299 2672 478 2745 dicuntur.
531 2667 827 2744 constarent.
852 2690 900 2764 pa
927 2724 936 2743 .
966 2685 1043 2756 118.
1067 2669 1159 2768 seqq.
1298 2694 1300 2699 ’

84 2772 88 2785 ’
114 2778 123 2791 ”
164 2860 169 2869 ¹
234 2797 267 2868 3.
297 2767 470 2845 Sermones
483 2765 593 2864 santii
621 2765 791 2842 [descendi
810 2765 852 2839 de
877 2692 1036 2843 [Mlentia
1055 2769 1185 2861 fratris
1206 2768 1280 2847 dini
1296 2766 1427 2844 ordinis
1448 2768 1696 2868 predicatorem

62 2869 163 2971 sdese
186 2867 347 2964 tleologie
375 2864 570 2967 prosefforis
598 2865 715 2938 eximii
739 2862 782 2936 de
818 2876 964 2960 tempore
986 2865 1159 2964 Hyensali.
1188 2909 1229 2928 -
1301 2870 1496 2946 Sermones
1527 2866 1698 2967 eiusdem

72 2970 119 3046 de
140 2967 292 3045 Sandis.
316 2966 355 3041 in
380 2963 456 3039 Fol.
485 2962 576 3039 Voil.
600 2988 634 3039 2.
706 2960 871 3037 charan.
894 2964 994 3055 goth.
1015 2989 1099 3040 cum
1123 2967 1246 3064 srgnat.
1270 2964 1343 3043 ime
1364 2966 1502 3044 custost.
1530 2967 1571 3046 de
1595 2992 1695 3047 num.

69 3067 147 3146 foll.
198 3062 260 3141 Ad
283 3062 421 3136 calcem
469 3061 559 3134 artis
583 3059 781 3158 hyemalis:
814 3057 1006 3135 Uenerandi
1032 3067 1145 3161 patris
1186 3109 1224 3120 -ι
1251 3064 1419 3165 sermones
1448 3063 1614 3164 hyemales
1644 3107 1693 3124 -

69 3166 113 3243 in·
128 3163 253 3260 inclpta
275 3159 410 3258 Bafilea
429 3085 597 3258 Mlicitins
622 3155 794 3232 emendati.
823 3181 864 3232 ac
893 3182 917 3255 p
948 3157 1127 3237 Nicolnm
1151 3163 1274 3262 Kesler
1304 3207 1348 3223 -
1376 3165 1533 3267 inspreffl:
1549 3165 1694 3263 finiant.

68 3262 175 3343 Anno
200 3303 244 3315 -
269 3257 324 3332 M.
346 3283 427 3332 cccc.
448 3280 553 3355 prope
566 3255 670 3352 finem
691 3253 896 3354 otinagefimi
916 3256 1032 3336 aliani.
1060 3267 1133 3361 xvj.
1156 3263 1310 3342 videlieet
1331 3260 1491 3341 kalendas
1506 3266 1599 3363 miſse
1613 3259 1694 3369 ἃᾶ·

68 3363 193 3460 neorii.
243 3359 339 3435 Cum
362 3357 486 3432 tabula
511 3355 738 3453 alphabetica
761 3357 1007 3436 materiarum.
1059 3357 1120 3437 Aa
1145 3362 1282 3439 calcem
1302 3361 1504 3441 iennonum
1532 3364 1580 3439 de
1601 3368 1697 3441 san-

69 3465 135 3540 tiis
161 3457 236 3560 post
260 3456 493 3553 Typograplsi
524 3454 694 3550 insigniat
728 3453 902 3531 Sermones
940 3498 981 3513 -
1029 3456 1144 3545 Trinm
1170 3463 1244 3556 sere
1273 3462 1422 3559 partiam
1449 3460 1692 3539 velaminibus:

65 3559 226 3661 Hpemali
248 3557 398 3633 uidelicet
423 3554 568 3656 Estinali
590 3551 609 3653 (
644 3553 717 3629 uod
742 3556 838 3652 apud
865 3580 933 3632 nos
953 3558 1202 3658 desrderatur)
1224 3572 1255 3634 et
1278 3559 1320 3635 de
1334 3556 1461 3658 [antiis
1485 3600 1533 3615 -—
1555 3586 1640 3637 msa
1661 3573 1694 3637 et

66 3660 216 3755 impensts
242 3655 381 3732 Nicolai
403 3653 478 3756 Kes
477 3657 542 3729 less
555 3694 592 3710 ·-
606 3577 747 3752 inirent.
798 3652 963 3731 Anno-
986 3659 1273 3758 pojl'millefimnm
1294 3671 1473 3755 quaterque
1489 3661 1693 3759 centefimnm

67 3757 278 3857 otinagefimo
303 3753 425 3830 oliano.
488 3752 657 3832 Sedecimo
681 3752 736 3847 deo
760 3751 935 3828 Kalendas
956 3750 1140 3858 ffannarii.
1216 3758 1304 3834 Pars
1332 3757 1513 3856 hyemalis
1539 3757 1612 3843 sola
1633 3783 1693 3835 re·

65 3860 231 4034 pvenletur
254 3856 292 3930 in
314 3852 461 3930 Neocell.
485 3874 521 3953 p.
551 3874 634 3948 103.
712 3850 885 3929 Omnium
916 3857 1026 3930 trium
1051 3855 1277 3937 voluminum
1308 3856 1479 3934 meminit
1511 3854 1622 3934 Densis
1651 3857 1690 3935 in

96 3982 116 4030 n
164 3957 235 4029 lem.
288 3976 344 4047 ag.
374 3957 456 4044 246.
1570 4006 1574 4015 -
1681 4006 1685 4019 ·

115 3981 162 4056 pp
226 3976 438 4147 4.pRoberti
468 4049 670 4126 Caraccioli
696 4048 867 4126 delicio
896 4049 983 4126 Ord.
1017 4052 1102 4127 min.
1136 4053 1333 4130 Sermones
1355 4053 1691 4151 Quadragefimaies

66 4152 112 4228 de
136 4149 309 4247 peccatis.
330 4148 370 4223 io
390 4176 424 4243 4.
476 4147 642 4228 chana.
666 4149 769 4244 goth.
790 4149 957 4225 minutiis.
984 4174 1068 4226 cum
1091 4150 1216 4246 fignat.
1237 4154 1275 4231 &
1293 4177 1392 4228 num.
1417 4155 1491 4230 soli.
1523 4150 1596 4231 line
1620 4180 1685 4231 cu·

65 4250 156 4328 stod.
208 4247 249 4320 ln
277 4246 344 4321 col.
379 4270 415 4342 4.
445 4244 519 4329 folii
559 4251 639 4329 186.
666 4246 829 4344 Explicit
857 4247 1140 4347 qnadragestmale
1170 4251 1374 4349 depereatis
1406 4292 1454 4308 -
1480 4251 1686 4356 finitamejl

63 4348 82 4449 (
93 4351 138 4424 ab
163 4344 335 4442 cultore)
360 4367 449 4418 anno
470 4343 597 4418 domini
625 4364 727 4442 1483.
753 4346 806 4419 die
825 4349 866 4438 9⁶!
882 4349 995 4447 mensts
1016 4345 1157 4425 octobris
1182 4349 1265 4426 lrorc
1287 4349 1480 4447 vespertina.
1546 4348 1599 4427 Et
1621 4354 1686 4431 im·

58 4445 201 4548 prelium
231 4441 379 4524 Umetiis
397 4466 457 4536 per
477 4441 653 4516 Andream
676 4445 717 4518 de
740 4441 915 4540 Toresanis
935 4447 977 4523 de
999 4445 1130 4546 Ascla:
1156 4447 1261 4524 Anno
1281 4451 1341 4524 dni
1360 4466 1460 4547 1438.
1477 4446 1532 4525 die
1560 4473 1592 4538 ς.
1613 4450 1683 4533 kal.

62 4545 212 4627 allobris.
285 4537 482 4624 Accedunt
502 4538 653 4641 epistola
674 4543 722 4624 ad
746 4543 949 4644 loharmem
971 4549 1018 4628 de
1035 4546 1228 4648 Aragomn
1248 4548 1480 4636 cerdonem
1499 4548 1685 4737 dentato.
1761 4596 1770 4607 .
