3644 4964
229 359 320 449 tior
354 346 510 495 operir'
533 358 804 476 prohemium
838 356 925 469 (sc.
962 358 1155 492 omnium
1184 361 1325 478 primo
1350 362 1458 451 istud
1485 361 1734 475 occurrit)e

120 486 125 498 '
155 604 158 610 ἦ
226 473 433 568 Venetus
461 501 539 589 per
565 473 784 563 Thomam
810 475 1168 564 Alexandrinum.
1202 492 1328 586 1481,
1356 478 1402 564 in
1424 475 1464 565 F
1467 479 1528 572 ol.

273 667 395 746 Verba
412 668 516 744 'tituli
542 669 624 744 loco
646 668 800 744 recitata
821 665 992 761 leguntur
1010 667 1049 743 in
1063 667 1184 743 fronte
1195 669 1330 746 aversae
1345 670 1490 767 paginae
1508 669 1589 746 folii
1605 669 1728 766 primi.

111 763 209 849 Tum
228 763 441 843 immediate
468 765 664 862 sequuntur
689 765 815 841 brevia
837 765 999 861 capitum
1024 763 1245 860 hngulorum
1274 768 1391 842 totius
1417 770 1557 864 operis,
1582 765 1642 841 seu
1664 766 1729 841 sex

111 861 289 937 librorum
308 878 542 958 argumenta,
585 884 668 960 quae
689 862 728 939 de
751 861 848 935 lianc
868 862 1057 956 paginam,
1084 860 1123 939 de
1140 863 1297 956 primam
1327 863 1407 937 folii
1427 864 1608 960 sequentis
1630 866 1728 939 inte·

109 979 217 1053 gram
239 974 432 1054 occupant
479 958 582 1033 Folio
608 958 737 1043 tertio,
767 957 904 1051 fignato
926 980 966 1042 a,
992 955 1200 1031 Prolrerniurn
1223 959 1348 1056 Poggii
1362 958 1545 1034 llorrnlirti
1570 959 1728 1034 Orotorir

51 1140 54 1144 Α
111 1054 278 1155 clorefflmi
301 1059 337 1130 in
360 1055 550 1129 Diodorum
559 1055 703 1226 sculum
719 1081 736 1128 e
747 1078 845 1150 greco
867 1054 902 1126 in
927 1053 1068 1128 latinum
1089 1053 1164 1151 ose
1192 1055 1378 1153 conuersum
1403 1056 1450 1130 od
1473 1056 1650 1132 nicolaum.
1680 1056 1728 1156 Q:

25 1229 28 1236 ,
112 1149 313 1252 (uintum)
329 1165 422 1250 pont.
438 1151 542 1240 Mox.
570 1176 602 1228 c.
621 1152 762 1249 incipit.
840 1149 931 1226 Tam
952 1152 1182 1247 prohemium
1209 1152 1323 1237 istud,
1356 1176 1466 1249 quam
1490 1152 1604 1250 ipsum
1633 1176 1728 1249 opus

113 1248 321 1325 charaitere
344 1250 503 1325 rotundo
523 1246 767 1344 pereleganti,
789 1245 828 1325 dt
851 1247 1036 1344 praestanti
1054 1250 1200 1323 chartae
1225 1250 1391 1344 impressa
1414 1251 1504 1326 sunt.
1569 1250 1728 1326 Chartas

113 1345 368 1443 typographus
390 1344 544 1440 signavit
565 1344 685 1422 literis
705 1368 734 1445 ¹u
748 1355 809 1419 ·t.
874 1344 1049 1419 Custodes
1072 1367 1179 1429 vero,
1203 1344 1365 1444 initiales
1391 1348 1528 1434 literae,
1555 1346 1730 1424 soliorum

112 1443 321 1519 numeri&
348 1442 600 1538 inscriptiones
626 1441 763 1518 desunt.
845 1439 991 1516 Cornelii
1028 1440 1137 1515 Taciti
1165 1440 1371 1542 Illujlrifflmi
1389 1443 1550 1542 lhflorici
1576 1441 1631 1517 De
1652 1439 1732 1520 Situ

112 1536 167 1614 Et
191 1537 329 1636 Populis'
354 1537 561 1613 Germanice:
589 1536 739 1613 Libellus
761 1536 897 1613 Aureus
922 1537 1030 1634 paulo
1053 1551 1139 1613 ante
1162 1539 1324 1614 medium
1346 1541 1475 1635 primae
1501 1540 1645 1637 paginae
1671 1541 1731 1616 fo·

112 1634 156 1710 lii
181 1636 301 1732 quinti
323 1636 503 1712 ternionis
525 1637 544 1709 s
558 1636 707 1732 incipit,
738 1634 958 1711 terminatur
984 1656 1073 1711 vero
1103 1636 1145 1709 in
1174 1637 1293 1731 prima
1321 1639 1456 1733 pagina
1480 1637 1559 1712 solii
1588 1636 1733 1730 septimi
1795 1637 1803 1644 ’

113 1732 367 1829 quaternionis
394 1747 422 1808 t.
470 1733 665 1809 incudem
695 1733 828 1847 pagina
851 1729 1044 1826 leronymus
1062 1729 1303 1829 Squurzoficur
1319 1732 1558 1808 Alexddrinur
1582 1728 1741 1835 Clurr'ffl-'
1787 1805 1794 1813 .

25 1898 29 1903 .
115 1852 171 1905 mo
194 1830 268 1905 uiro
299 1827 456 1927 Fricisco
475 1827 587 1904 bono
607 1831 753 1928 patricio
785 1826 910 1906 Veneto
934 1826 1100 1924 quondam
1124 1826 1271 1904 &moeris
1292 1828 1450 1905 Filios.
1466 1829 1517 1911 D,
1567 1829 1610 1905 ln
1630 1828 1735 1907 fron·

113 1926 154 2002 te
181 1925 480 2023 demumprimae
504 1925 789 2022 paginae'ultimi
812 1925 902 1999 folii.
952 1925 1030 1999 Hoc
1053 1922 1203 2000 Diodori
1225 1923 1334 2001 Simli
1359 1926 1518 2027 Hislorici
1544 1923 1734 2030 nobiliffleni

66 2056 72 2077 ³
113 2045 198 2121 opus
221 2046 288 2097 uno
316 2049 388 2097 cum
414 2021 567 2098 Cornelio
600 2022 714 2097 Tacito
739 2021 783 2094 de
799 2018 968 2096 Germano
991 2026 1033 2115 Be
1053 2018 1198 2095 moribus
1220 2047 1260 2094 uc
1279 2025 1372 2096 uiro:
1407 2020 1450 2097 ub
1479 2024 1617 2098 eruditis
1648 2027 1734 2100 uiris

115 2120 287 2220 castigasti.
350 2115 511 2218 Imprelie
527 2121 602 2214 suit
625 2144 683 2210 per
713 2116 870 2192 Homero
895 2115 1170 2194 Alexandrinum
1192 2118 1287 2192 huius
1314 2122 1399 2195 artis
1418 2124 1520 2217 periti
1541 2147 1639 2195 rmum
1663 2121 1735 2196 Ve-

113 2217 220 2302 nereis,
235 2213 410 2313 Regnante
430 2203 574 2320 0Jourrrre
590 2214 769 2312 Mocenigo
795 2212 877 2287 duce
890 2215 1084 2328 seliciffrmo.
1134 2212 1239 2288 Anno
1252 2213 1376 2328 salutis
1389 2218 1554 2303 uillelmo
1592 2216 1734 2321 uudrin7

113 2312 286 2488 {eglestmo
303 2309 488 2416 ollogestnro
504 2315 637 2415 primu:
676 2310 729 2388 die
756 2311 910 2411 uigestrnu
937 2321 1053 2411 querela
1075 2307 1289 2417 Nouembres.
1363 2309 1522 2392 Accedit
1595 2315 1755 2416 gistrum

174 2421 352 2495 artatum·
1613 2487 1616 2493 .

11 2809 16 2824 ,
56 2824 58 2831 y
115 2709 286 2809 XLVI.
304 2710 531 2832 'Iohannis
557 2719 759 2811 Boccutii
788 2720 841 2807 de
871 2719 1078 2808 Ceuuldo
1110 2718 1389 2832 Genealogiae
1412 2718 1609 2808 Deorum
1634 2718 1735 2832 geni
1775 2823 1784 2839 ⁶

232 2833 377 2923 tilium
396 2833 451 2920 ad
464 2831 670 2943 Vgonem
687 2829 1005 2943 Hierosolymae
1021 2832 1216 2945 &cypri
1230 2830 1393 2945 Regem
1411 2831 1534 2920 Libri
1552 2834 1733 2951 quinde-

233 2948 337 3040 cim.
396 2949 634 3034 Accedunt
655 2942 851 3055 ejusdem
874 2943 1065 3032 rudioris
1096 2945 1486 3032 commentationes
1516 2949 1571 3036 de
1608 2977 1732 3038 mon·

236 3063 375 3161 tibus,
404 3054 562 3170 sylvis,
591 3053 813 3161 sontibus,
840 3057 1046 3162 lacubus,
1072 3055 1345 3163 fluminibus,
1382 3057 1536 3170 stagnis
1574 3060 1619 3148 &
1655 3091 1733 3149 no:-

232 3169 422 3258 minibus
453 3171 595 3258 maris.
678 3167 805 3283 Regii
836 3197 916 3287 per
949 3169 1258 3279 Laurentium,
1294 3171 1339 3259 u
1369 3169 1731 3279 Bartholomaeum

46 3291 49 3295 ’
233 3280 418 3374 Bottoni
449 3298 575 3397 1481,
601 3285 646 3374 in
678 3281 720 3373 F
722 3286 781 3373 ol.
1192 3310 1194 3315 ’

120 3486 147 3527 '¹
282 3477 392 3576 Operi
410 3479 588 3574 praemissa
610 3476 691 3555 sunt
709 3474 909 3556 brerihime
938 3475 1159 3575 lingulomm
1185 3478 1314 3559 ordine
1343 3479 1539 3566 librorum,
1574 3477 1615 3558 de
1634 3481 1736 3579 capi·

59 3580 61 3585 “
123 3584 204 3652 tum
228 3590 462 3672 argumenta,
485 3578 585 3653 foliis
609 3577 736 3653 decem
763 3577 1029 3674 comprehensa.
1101 3575 1205 3654 Polio
1228 3578 1425 3656 undecimo
1447 3575 1611 3654 auctoris
1638 3598 1737 3674 proe·

123 3676 239 3749 mium
269 3674 417 3770 incipit,
443 3679 620 3761 rotundo,
646 3696 719 3772 quo
738 3672 852 3770 ipsum
874 3695 987 3771 opus,
1013 3674 1236 3761 chemttere,
1261 3675 1500 3771 &praestanti
1512 3675 1651 3751 chartae
1661 3674 1738 3754 im·

123 3770 290 3867 pressum.
361 3769 578 3865 Signaturas
599 3771 851 3870 typographus
878 3769 1031 3867 adjecit:
1055 3772 1222 3848 custodes
1247 3792 1354 3853 reru,
1379 3771 1523 3849 numeri
1543 3770 1737 3858 soliorum,

110 3871 341 3968 ,paginarum
371 3854 642 3962 inscriptiones,
674 3868 713 3945 de
740 3866 954 3964 plerumque
981 3868 1142 3943 initiales
1163 3867 1283 3942 literae
1308 3864 1448 3945 desunt,
1512 3860 1576 3938 Ad
1597 3864 1738 3944 calcem

126 3965 261 4040 aversae
285 3965 428 4060 paginae
450 3965 531 4039 solii
555 3965 646 4040 sexti
670 3964 849 4043 ternionis
875 3987 930 4040 aa.
982 3958 1129 4037 Gmeelo
1154 3964 1195 4037 ioe
1217 3961 1319 4037 deoru
1340 3961 1503 4058 gentiliu3
1557 3986 1589 4035 en
1615 3957 1739 4065 eJourn-

125 4088 187 4157 ne3
213 4059 387 4157 boccaciug
408 4059 449 4135 de
468 4061 629 4135 certuldot
656 4058 703 4135 nri
722 4059 874 4160 illustrem
895 4061 1075 4159 prineioem
1100 3989 1239 4157 lfgneg
1262 4058 1463 4157 Heerufieleg
1555 4057 1662 4158 Cypri
1675 4086 1738 4173 ‘re-

142 4183 195 4232 ret
220 4156 316 4234 liber
376 4157 436 4255 tus
447 4156 588 4232 decimus
613 4155 654 4234 sl
677 4156 812 4232 ultimus
835 4158 984 4255 explicit.
1056 4155 1131 4233 Deo
1159 4153 1314 4237 Grotius.
1394 4156 1435 4233 ln
1458 4155 1581 4234 eversu
1601 4177 1737 4251 pagina

121 4186 308 4352 lequentis
350 4256 412 4331 olii
437 4255 548 4331 index
574 4254 824 4350 alphabeticus
846 4257 1090 4340 rubricarum,
1117 4253 1176 4331 seu
1197 4254 1435 4333 materiamm
1457 4256 1736 4350 praecipuamm.

125 4356 232 4438 cuius
256 4353 378 4428 author
403 4353 449 4425 ad
473 4351 610 4428 calcem
640 4353 886 4448 praefationis,
913 4353 1026 4428 indici
1058 4352 1145 4426 huic
1169 4350 1351 4449 praelixae,
1376 4351 1559 4426 dominicus
1580 4332 1617 4423 rs
1631 4351 1738 4421 aretio

125 4451 353 4610 pneumatice
372 4461 470 4547 utque
486 4450 657 4528 rhetorice
677 4446 789 4526 uerter
809 4462 889 4550 etp3
906 4447 1072 4550 proseffor
1097 4446 1132 4527 se
1151 4446 1267 4547 ipsum
1285 4447 1501 4526 manifestet.
1576 4443 1739 4620 chegu·

750 4912 882 4935 -..ὰ-,μ
