3644 4964
740 166 1060 291 ΑΒ
1620 206 1698 291 151

78 376 143 459 dte
165 371 378 455 soubilionis
399 369 522 457 causa,
540 390 632 466 opus
668 370 797 447 raesens
811 373 882 449 hoc
897 372 1061 469 insignire
1075 370 1199 457 tiano,
1222 372 1305 450 licet
1320 376 1381 453 alii
1400 392 1482 451 ante
1496 398 1556 451 me
1573 374 1703 453 biblio·

12 520 26 539 ι
81 477 216 575 graphi
239 472 278 548 id
299 472 458 584 fecerint.
507 468 610 543 conf.
636 392 692 543 dl.
713 468 851 577 Paozer
872 463 1229 580 annotationum
1252 471 1420 569 oeutfdm
1436 470 1603 553 titetotur
1616 492 1698 568 pag.

81 573 182 671 43·s
222 572 335 665 q.ub1
356 568 441 643 data
458 562 641 639 occasione
662 565 708 639 de
729 564 837 659 hujus
860 565 1015 663 opusculi
1035 566 1153 641 tauns
1175 588 1316 661 quoque
1339 568 1554 647 editionibus
1580 567 1700 645 erudi⁴

80 685 124 747 te
148 670 184 743 di
208 666 328 741 eritur.
409 661 513 751 Quod
534 658 686 739 nostram
706 662 836 735 attinet
857 661 1039 757 praesentis
1070 661 1223 756 opusculi
1251 664 1461 741 editionem:
1486 664 1582 742 deest
1597 666 1634 739 in
1654 688 1699 741 ea

73 766 234 863 'quidem
256 761 412 857 primum
434 758 569 834 solium.
621 756 758 833 Verum
780 756 894 832 exstat
920 755 1083 854 ejusdem
1106 757 1218 832 editio
1239 758 1350 837 altera
1370 761 1416 837 ab
1442 761 1572 837 eodem
1593 774 1700 857 typo·

78 860 240 960 grapho,
271 856 457 953 stephano
472 852 625 936 Planck,
652 853 784 929 Romae
802 878 896 929 anno
920 878 1022 947 14⁹2·
1044 866 1182 939 curata,
1212 876 1295 950 quae
1310 880 1394 935 cnm
1405 856 1567 955 praesenti
1604 855 1700 932 uoad

79 958 207 1033 omnia
221 952 426 1027 concordat.
468 949 551 1023 Non
564 948 674 1025 solum
689 949 784 1024 enim
800 950 929 1025 eadem
938 950 1265 1046 sorma,iisdemque
1276 952 1327 1029 est
1336 954 1445 1031 literis
1456 878 1624 1048 impreliii,
1636 974 1699 1027 ve·

14 1128 18 1133 ,
78 1077 167 1129 rum
188 1050 298 1126 etiam
318 1046 435 1123 ubivis
461 1046 533 1120 fere
555 1046 685 1141 pagina
709 1046 868 1142 paginae,
891 1046 984 1121 linea
1005 1047 1109 1123 lineae
1132 1048 1390 1144 correspondet.
1452 1048 1625 1126 Differunt
1644 1047 1699 1123 so·

77 1152 162 1227 lum
180 1145 298 1223 ambae
322 1143 496 1219 editiones
520 1142 603 1215 hinc
622 1142 705 1215 inde
718 1144 754 1214 in
772 1142 876 1216 ortho
940 1142 1041 1238 plaia,
1074 1142 1111 1217 dc
1134 1142 1305 1219 scribendi
1323 1147 1555 1242 compendiis.
1601 1144 1699 1217 Hino

79 1247 125 1325 δι
148 1244 302 1342 primum
322 1239 447 1314 fnium
467 1236 633 1313 editionis
656 1236 836 1346 praesentis
859 1238 871 1311 i
897 1262 957 1313 em
978 1237 1075 1313 fuisse
1093 1260 1176 1313 cum
1196 1240 1310 1333 primo
1329 1240 1414 1317 solio
1436 1241 1601 1316 editionis
1614 1241 1698 1316 anni

85 1365 199 1451 1493·
219 1359 292 1449 non
312 1333 595 1447 immeritotlicet
617 1334 805 1444 conjicere.
856 1333 969 1408 Porro
983 1335 1137 1445 primum
1152 1335 1274 1409 solium
1286 1336 1485 1449 posterioris
1504 1335 1609 1431 hujus
1625 1336 1700 1410 edi·

82 1450 559 1637 {minnistin
580 1451 712 1637 ‘ltili
727 1428 1700 1637 saginastis?insistant

84 1624 253 1722 superiori
274 1622 500 1718 capitolium,
529 1622 699 1697 adextns
720 1620 902 1697 saemuiam
927 1621 1020 1696 forte
1047 1620 1207 1707 Rheam,
1235 1644 1316 1718 quae
1337 1646 1505 1699 coronam
1527 1647 1564 1696 m
1584 1640 1700 1715 capite

86 1722 202 1821 gestat
221 1718 410 1814 genuflexa
429 1732 515 1793 ante
540 1717 733 1813 templum,
763 1715 801 1793 dt
825 1729 962 1813 aparte
984 1717 1137 1792 inferiori
1158 1715 1288 1795 sinistra
1310 1719 1434 1816 lupam
1455 1743 1540 1795 cum
1559 1717 1699 1793 duobus

86 1815 246 1918 parvulis
266 1814 503 1909 repraesentat.
552 1813 759 1889 Secundum
775 1813 900 1887 solium
918 1813 1103 1907 uniusque
1122 1814 1286 1889 editionis
1306 1817 1344 1889 in
1357 1817 1472 1891 fronte
1493 1814 1617 1912 primae
1636 1836 1701 1907 pa·

118 1914 127 1931 '
209 1912 277 1987 tria
298 1910 443 1987 exhibet
463 1908 626 2004 insrgnia,
648 1908 745 2079 lisgno
765 1908 889 2000 incisa;
919 1909 956 1984 in
978 1910 1097 1983 medio
1120 1910 1356 2006 pontisrcium,
1381 1936 1404 1987 a
1429 1912 1565 1987 dextris
1586 1908 1702 2006 Aqui·

692 2017 815 2080 cutum
839 2027 924 2080 cum
943 2004 1053 2081 literis
1075 2004 1113 2079 S.
1136 2006 1176 2080 P.
1200 2008 1243 2093 Q.
1264 2006 1309 2081 R.
1389 2008 1600 2085 Immediate
1624 2004 1702 2105 poli

86 2106 173 2185 haec
193 2100 360 2195 insignia,
389 2100 462 2177 srne
482 2102 555 2174 ullo
579 2099 704 2199 tinrlo,
729 2124 820 2196 opus
848 2102 969 2197 incipit
993 2103 1109 2178 verbis
1136 2100 1223 2176 Oma
1244 2101 1289 2202 (r
1311 2099 1431 2201 Oma)
1457 2105 1577 2179 ciuitas
1585 2100 1701 2200 sisio,

192 2199 344 2297 primam
361 2196 493 2273 lineam
518 2196 579 2272 fibi
600 2196 783 2271 vindicant
801 2199 838 2271 in
858 2211 1007 2292 utraque
1028 2199 1191 2276 editione.
1268 2200 1401 2274 Literae
1428 2200 1584 2293 gothicae
1611 2196 1700 2273 sunt.

46 2320 53 2331 ·
86 2222 193 2374 ffica
213 2292 507 2388 inscriptionibus,
536 2295 714 2374 numeris,
745 2292 783 2367 δι
806 2294 1009 2367 custodibus
1028 2308 1168 2375 carent,
1197 2293 1234 2369 δι
1259 2294 1295 2367 in
1316 2296 1469 2370 editione
1495 2297 1700 2384 anni148rp.

88 2393 202 2471 etiam
221 2389 423 2485 signaturis:
451 2390 489 2463 in
509 2388 664 2463 editione
693 2410 778 2461 vero
800 2390 883 2464 anni
907 2412 1008 2485 1492.
1032 2388 1156 2461 solium
1177 2390 1269 2463 inter·
1290 2389 1449 2485 impressa
1473 2389 1636 2465 ottanum
1659 2390 1703 2461 li·
1770 2447 1775 2460 .

89 2502 174 2565 tera
193 2484 234 2571 l,
259 2484 441 2559 decimum
460 2483 599 2561 sextum
621 2482 725 2559 litera
739 2510 775 2568 c,
802 2482 1010 2579 vigesimum
1054 2498 1195 2558 uartum
1217 2484 1318 2557 litera
1339 2483 1383 2568 d,
1409 2483 1626 2578 trigesimum
1651 2482 1669 2556 i
1685 2518 1704 2541 ·

91 2582 252 2659 cundum
268 2581 369 2655 litera
383 2604 419 2665 e,
445 2578 754 2675 quadragefimum
775 2578 923 2671 literas,
953 2601 1024 2673 qua
1066 2577 1258 2672 agesrmum
1284 2580 1446 2653 ottanum
1471 2581 1612 2675 literag
1636 2578 1704 2669 lig·

90 2692 181 2755 nata
208 2675 298 2750 sunt.
375 2672 437 2749 Ad
461 2678 600 2751 calcem
625 2677 751 2771 primae
781 2677 921 2768 paginae
944 2675 1017 2747 solii
1046 2674 1177 2748 decimi
1200 2676 1308 2768 quinti
1330 2678 1536 2749 terminatur
1563 2674 1705 2749 historia

90 2794 253 2849 romanae
278 2772 375 2844 urbis
397 2772 446 2846 ad
468 2770 734 2847 Constantinum
757 2792 930 2865 magnum
952 2792 1065 2863 usque
1087 2770 1246 2843 dedutia.
1297 2774 1335 2844 ln
1354 2772 1471 2846 aversa
1491 2772 1619 2867 pagina
1632 2770 1705 2843 solii

90 2864 794 3041 fnitaiisitslintllst
820 2862 1706 3061 {instillatisinsidiantis

83 3058 206 3160 strada
233 2984 430 3166 neaniai
456 3058 540 3133 Post
562 3059 655 3134 hanc
676 3058 713 3133 in
731 3017 883 3153 utraque
905 2982 1061 3133 editidne
1082 3058 1177 3136 linea
1200 2986 1476 3159 decimaquarta
1496 3058 1622 3157 primae
1641 3076 1705 3155 pa·

95 3160 194 3253 ginae
213 3152 286 3229 solu
311 3150 485 3251 sequentis

188 2008 420 2093 Romanum..
443 2028 466 2079 a
490 2004 630 2080 fraisnis

610 3248 758 3350 Incipiat
778 3252 957 3348 indulgitie
975 3255 1066 3352 septi
1090 3255 1184 3353 eccle,

599 3350 678 3447 fia4
701 3350 902 3446 principalia
923 3351 1012 3426 vrbis
1037 3352 1101 3427 Ro.

98 3441 235 3524 Aversa
255 3441 383 3539 pagina
404 3441 478 3517 folii
498 3442 603 3554 apin
626 3460 774 3542 utraque
803 3448 931 3542 pariter
958 3448 1112 3523 editione
1136 3450 1330 3543 imaginem
1354 3448 1499 3521 exhibet
1521 3448 1705 3543 Deipnm,

98 3562 251 3641 puerum
270 3538 386 3637 Jesurn
406 3552 599 3631 portantis,
624 3562 723 3637 quae,
749 3555 791 3615 ut
815 3567 860 3615 ex
884 3543 1090 3619 immediate
1117 3545 1338 3640 sequentibus
1368 3544 1519 3635 colligo,
1549 3543 1598 3616 est
1618 3543 1709 3612 ima-

100 3660 150 3733 go
172 3636 218 3711 Β.
234 3636 287 3709 Μ.
311 3632 356 3709 V.
374 3647 474 3709 trans
500 3637 530 3710 Τ
556 3638 677 3713 berim.
750 3639 805 3712 De
828 3636 973 3712 ecclesia
998 3640 1094 3713 enim
1122 3642 1159 3714 S.
1183 3639 1310 3713 Mariae
1331 3650 1429 3710 trans
1455 3637 1637 3730 Tyberim,
1663 3634 1703 3713 dc

96 3734 178 3807 aliis
201 3730 379 3840 Romanae
415 3659 711 3841 urbistilcclesriis
740 3735 859 3807 minus
879 3736 1125 3830 principalibus
1150 3758 1236 3807 mox
1260 3736 1334 3827 agit
1351 3732 1470 3807 auitor
1493 3752 1709 3825 anonymus.

99 3830 141 3902 ln
159 3824 279 3902 aversa
302 3847 431 3919 pagina
449 3827 523 3900 soln
545 3828 800 3922 quadragesimi
824 3830 936 3904 otiavi
959 3834 1140 3923 utriusque
1162 3830 1325 3903 editionis
1349 3829 1519 3921 incipiunt
1541 3824 1712 3901 Stationes

101 3926 139 3997 in
163 3918 508 4020 quadrugefimn(s1c
535 3924 643 3998 editio
668 3938 882 4021 ann.1489:
911 3926 1017 3999 editio
1031 3942 1153 3999 autem
1176 3926 1258 3999 anni
1276 3946 1385 4019 1492:
1414 3920 1710 4021 Quadrogestma).

103 4018 228 4131 sitque
250 4018 310 4093 hae
335 4016 477 4130 qiidam
494 4020 729 4095 terminantur
748 4020 785 4095 in
811 4022 924 4131 prima
946 4024 1075 4116 pagina
1097 4020 1172 4095 solii
1197 4044 1262 4114 51,
1290 4022 1456 4132 lineare.
1472 4019 1634 4127 editioris
1649 4041 1713 4093 an-

101 4114 966 4383 tl:iil...‘transmisistis
973 4112 1641 4323 ⁵·alililitisltllailllis
1663 4116 1714 4283 ii

102 4303 497 4486 tntailt'sln.
520 4332 609 4505 lat
629 4302 1716 4505 lt.tlt's'idll'lllasililliniti..Alias.

1636 4514 1675 4571 ln
