3644 4964
96 171 182 294 rqo
745 146 1092 272 ΑΒ·
1679 248 1682 252 .

87 359 258 473 moreni.
283 355 362 438 olim
383 352 532 436 Athaco
553 349 649 455 ficosi
673 353 812 449 utiliora
824 352 944 454 saltim
969 387 1009 414 -
1042 377 1066 428 1
1087 350 1346 457 retenindmsnno
1365 353 1434 432 diso
1450 353 1522 433 diso
1544 353 1715 456 Ascyllo

92 468 135 545 de
157 460 324 539 montaluo
351 498 397 518 -ι-
420 454 514 531 edito
532 491 572 512 ·-
596 448 657 532 Ab
679 493 715 510 ·-
736 452 913 530 Ludonico
932 453 974 528 de
998 453 1124 551 campis
1146 453 1211 545 dili
1235 467 1327 531 enter
1347 457 1430 554 nilo.
1460 456 1588 555 curiose
1609 457 1718 552 musti·

93 577 173 642 ento
184 556 415 660 salubriterqq
430 554 555 656 digesto
575 591 624 613 ι-
638 551 735 627 oudo
755 592 799 608 -·
820 551 948 664 incipit.
975 549 1052 663 1²91.
1068 549 1156 649 maj,
1176 583 1178 601 ¹
1205 480 1484 650 ihmnugorh.
1500 554 1621 641 idem,
1646 575 1719 648 quo

93 658 279 756 Antonius
303 655 495 749 Koburger
512 652 705 765 Summam
726 649 904 727 Antonini
928 670 1036 726 annrs
1064 652 1168 747 1486.
1191 648 1231 727 dt
1254 650 1730 827 [481Νοῐίωδεῖἷῶἰω-

94 756 230 861 pressit,
256 753 330 830 sine
357 752 490 829 custod.
513 753 636 845 signat.
669 746 708 824 dr
738 770 838 825 num.
860 746 936 823 soll.
983 746 1130 826 Constat
1157 761 1284 825 autem
1309 749 1409 827 foliis
1430 750 1548 848 impre
1573 773 1615 849 11,
1630 770 1721 845 193,

95 858 135 938 dc
158 855 377 933 temrinatur
399 849 447 924 ad
475 848 612 925 calcem
640 844 708 921 col.
740 870 770 921 1.
795 845 869 921 solii
899 848 934 922 ό.
963 846 1212 940 quaternionis
1245 848 1379 926 ultimi.
1443 845 1612 925 Accedit
1632 868 1720 925 vero

95 954 219 1035 tabula
248 948 510 1029 vocabulorum
542 944 781 1043 praecedentis
811 943 1020 1040 repertorii,
1047 942 1086 1022 dr
1111 943 1317 1048 Registrum
1337 946 1559 1023 chartarum.
1609 943 1732 1021 Denic.

96 1057 137 1135 in
156 1050 276 1151 Suppl.
307 1072 343 1146 p.
373 1058 457 1142 631.
492 1070 528 1120 n.
553 1065 660 1139 5553.
693 1041 836 1118 videtur
865 1042 1021 1119 eandem
1052 1040 1251 1139 indigitasi'e
1282 1045 1503 1130 editionem,
1541 1055 1723 1143 putatque

97 1151 281 1254 pertinere
304 1148 376 1222 hoc
396 1142 636 1240 repertorium
652 1140 711 1217 ad
732 1139 933 1218 editionem
952 1137 1190 1217 Basrleeusem
1205 1141 1561 1220 Commentariorum
1584 1142 1724 1220 Panor-

98 1246 227 1330 mitani
247 1247 287 1321 in
310 1241 520 1320 Decretnleo
541 1263 624 1318 ann.
647 1252 749 1326 1488·
800 1238 903 1314 idem
930 1239 1074 1336 putavit
1097 1231 1194 1316 Gen.
1215 1260 1251 1338 p.
1275 1243 1360 1331 287.
1411 1238 1549 1319 Verum
1575 1238 1724 1318 videtur

48 1390 50 1394 -
97 1348 191 1428 milri
214 1345 275 1420 lon
302 1367 322 1418 e
352 1339 595 1441 probabilior,
627 1336 699 1413 hoc
727 1336 967 1435 repertorium
988 1337 1169 1432 pertinere
1193 1338 1241 1414 ad
1265 1338 1467 1415 editionem
1492 1349 1725 1422 commenta·

99 1448 239 1526 riorum
263 1367 410 1517 ifiorum
435 1433 797 1534 Norimbergensem,
824 1436 870 1512 ab
893 1432 1061 1510 Antonio
1076 1434 1267 1532 Koburger
1283 1450 1470 1522 curatam,
1495 1459 1606 1535 quam
1623 1434 1733 1517 Fuso.

99 1546 159 1626 111.
183 1567 218 1639 p,
240 1559 299 1634 39.
320 1538 359 1616 &
380 1562 440 1635 40.
467 1536 515 1610 ad
537 1558 623 1610 ann.
653 1547 758 1630 1485.
787 1530 965 1618 recensui,
990 1531 1029 1610 dc
1058 1532 1135 1630 post
1156 1557 1203 1610 ne
1226 1534 1404 1612 recensuit
1435 1532 1571 1611 Punzer
1603 1533 1657 1614 N.
1685 1554 1733 1628 p.-

101 1645 161 1723 88.
189 1641 282 1736 seqq.
305 1649 458 1732 uterque
485 1633 558 1710 sine
587 1631 803 1730 repertorio.
870 1630 1025 1716 Litterae
1055 1631 1204 1729 quidem
1232 1632 1422 1729 repertorii
1447 1632 1657 1732 praesentis,
1685 1629 1725 1709 dt

100 1735 447 1818 commentariorum
473 1729 642 1807 editionis
662 1730 821 1808 laudatae
842 1727 924 1806 sunt
940 1728 1099 1807 diversae.
1151 1727 1290 1807 Verum
1306 1732 1393 1829 quid
1411 1730 1543 1819 obstat,
1568 1752 1642 1828 quo
1654 1729 1728 1804 mi·

101 1861 172 1917 nus
196 1832 334 1910 Anton.
359 1830 550 1925 Koburger
571 1827 831 1924 Repertorium
855 1829 903 1903 ad
923 1827 1055 1903 dilium
1069 1829 1413 1906 commentariorum
1428 1831 1631 1907 editionem
1645 1826 1729 1905 aliis

101 1934 233 2013 litteris
255 1926 481 2025 impresserit,
508 1925 706 2026 &aliquot
724 1925 973 2024 primumpost
992 1925 1066 2024 ipsa
1091 1926 1193 2003 edita
1209 1929 1472 2006 commentaria
1491 1927 1614 2015 annis,
1641 1947 1726 2003 cunr

102 2033 146 2112 δι’
170 2028 241 2128 ipsa
262 2024 524 2103 commentaria
550 2046 625 2098 non
649 2021 770 2112 simul,
797 2022 857 2100 sed
881 2025 987 2098 annis
1018 2041 1123 2119 1485.
1148 2023 1187 2101 &
1215 2037 1318 2123 1480.
1336 2026 1438 2124 typls
1453 2025 1631 2122 exscripta
1646 2024 1731 2106 fue.

39 2190 44 2194 .
102 2132 196 2213 rint.
222 2127 260 2204 dt
281 2125 517 2219 lioburgerus
539 2119 615 2220 jam
643 2146 741 2200 anno
764 2138 868 2221 1487.
890 2121 971 2197 aliis
992 2122 1075 2199 usus
1096 2122 1204 2200 suerit
1223 2123 1376 2210 litteris,
1405 2125 1534 2222 quibus
1547 2116 1726 2199 nimirum

103 2229 298 2307 Summam
336 2219 515 2299 Antonini
548 2221 618 2296 hoc
650 2220 784 2296 eodem
814 2243 938 2306 anuo,
979 2220 1018 2300 &
1066 2220 1201 2300 ,raesens
1229 2223 1469 2318 repertorium
1504 2219 1731 2318 impresserit.

101 2326 229 2406 Exstat
252 2322 347 2420 apud
371 2343 440 2397 nos
463 2319 535 2398 alia
555 2317 669 2395 editio
694 2317 801 2416 hujus
824 2242 1108 2417 repertorii‘tine
1125 2318 1225 2405 loco,
1251 2319 1291 2398 dr
1305 2343 1423 2406 anno,
1451 2321 1497 2397 de
1512 2342 1584 2417 qua
1599 2331 1729 2396 tamen

101 2424 250 2508 dubito,
280 2445 327 2499 an
350 2419 392 2496 srt
412 2418 529 2496 saeculi
551 2417 632 2496 XV.
695 2416 797 2494 Hinc
819 2418 865 2494 de
891 2439 953 2503 en,
987 2415 1305 2518 dataoccasrone,
1340 2439 1456 2519 pauca
1478 2419 1612 2499 dicam.
1663 2413 1729 2491 Est

102 2525 141 2603 in
166 2522 271 2599 Folio
301 2515 387 2615 maj.
423 2540 507 2591 cum
532 2517 642 2593 titulo
668 2514 706 2592 in
738 2517 855 2612 primo
879 2515 971 2592 folio
993 2515 1102 2593 resto.
1170 2516 1343 2594 Charasl.
1360 2517 1462 2615 goth.
1489 2539 1575 2594 cum
1599 2512 1733 2612 signat.

101 2620 142 2703 A
153 2659 191 2678 -
207 2619 253 2695 U.
277 2616 316 2695 &
339 2637 439 2692 num.
462 2614 536 2691 soll.
564 2615 650 2690 inde
675 2636 698 2688 a
723 2613 787 2692 sol.
817 2614 851 2690 ll
874 2606 910 2673 .ss
924 2612 1103 2735 cxxvii.
1128 2612 1234 2711 cujus
1260 2615 1360 2692 versu
1381 2616 1468 2693 folio
1497 2614 1731 2692 terminatur..

151 2753 235 2837 NB.
261 2748 441 2850 opuscula
461 2748 646 2849 sequeutia
669 2773 692 2828 a
715 2745 762 2826 N.
790 2772 864 2845 apr·
881 2784 918 2806 -
945 2770 1027 2845 ²97·
1051 2748 1182 2825 itidem
1211 2747 1343 2828 Rornae
1364 2748 1529 2849 impressa
1547 2746 1731 2825 videnum

266 2925 349 2998 291.
376 2897 507 3000 Regale
530 2894 757 2974 ordinationes
779 2920 793 2976 r
816 2899 1035 2998 constitutidec
1068 2896 1275 2975 Cancelsnric
1306 2898 1423 2979 Sond'i
1456 2900 1504 2976 eni
1534 2898 1596 2975 nm
1627 2881 1730 2996 nostri

102 2999 233 3083 domini
258 2998 422 3076 Innocitii
451 3038 485 3054 -
514 3022 613 3096 pope.
640 2998 712 3072 viii.
734 2994 1368 3093 [11411111111111111011111111111
1427 2999 1595 3097 postoiico.
1623 2999 1663 3072 in
1690 3016 1736 3089 4.·

104 3098 270 3182 Charali.
298 3098 400 3193 goth.
431 3095 607 3194 Stephani
635 3092 790 3177 Planck,
816 3117 899 3168 cum
927 3093 1053 3188 figunt.
1077 3117 1152 3170 a·
1171 3096 1197 3172 f.
1219 3094 1292 3172 fine
1317 3097 1452 3174 custod.
1470 3097 1509 3174 &
1530 3118 1629 3173 uum.
1652 3093 1728 3170 soll.

103 3199 365 3281 Terminantur
386 3193 449 3270 sol.
473 3218 508 3289 4.
535 3192 630 3268 retto
653 3189 907 3267 duernioniss.
932 3192 992 3266 ubi
1006 3193 1222 3270 adnotatur:
1254 3193 1352 3270 Leiic
1370 3219 1383 3274 1
1404 3192 1570 3292 pollicere
1586 3195 1730 3289 suerunt

101 3299 142 3401 [1
184 3322 207 3373 1
237 3292 368 3392 scripte
398 3291 511 3388 regule
534 3287 640 3364 Rome
661 3290 697 3363 in
717 3285 906 3364 Cdceilnrio
930 3289 1043 3388 eplicit
1065 3290 1120 3367 dic
1142 3288 1296 3371 Sublati.
1321 3295 1448 3370 xxviii.
1471 3294 1561 3393 misti
1584 3290 1728 3368 Marcii.

100 3323 365 3594 {iifl-st
381 3386 598 3471 cccclxxxix.
620 3386 691 3466 &o
725 3408 798 3486 quo
819 3388 931 3467 etiam
952 3412 1053 3498 ‚anno
1075 3389 1169 3470 sorte
1193 3391 1369 3490 impressae
1390 3391 1481 3469 sunt.
1540 3388 1730 3489 ignoravit

191 3514 317 3570 1111.

266 3613 350 3684 292.
376 3585 506 3688 Reguse
536 3580 775 3664 Ordinationes
799 3607 814 3666 t
843 3583 1071 3688 Constitutides
1097 3581 1304 3664 Concellocic
1330 3582 1527 3689 Sunffiffieni
1547 3584 1609 3662 deii
1629 3581 1731 3689 nostri
1765 3665 1771 3673 ,

103 3691 166 3771 deii
184 3685 384 3767 Alexandri
406 3729 449 3743 -
470 3709 561 3785 pope
582 3685 626 3759 ni.
652 3682 723 3762 dte.
750 3710 786 3783 4.
839 3685 1001 3767 Charaii.
1024 3685 1126 3782 goth.
1149 3687 1278 3763 minut.
1300 3688 1519 3784 typographi
1540 3686 1731 3784 cujusdam

101 3789 267 3871 romani.
292 3787 384 3863 sorte
411 3785 467 3885 Jo.
495 3781 667 3869 Befiken,
702 3806 788 3860 cum
821 3782 946 3879 signat.
978 3784 1052 3861 fine
1075 3783 1211 3860 custod.
1237 3784 1276 3862 &
1294 3807 1395 3861 num.
1420 3784 1495 3862 soli.
1567 3784 1671 3861 Folio
1695 3806 1728 3879 5.

103 3888 208 3966 verso
225 3885 403 3963 ternionis
425 3907 456 3959 c.
482 3879 584 3958 Leito
603 3892 636 3954 er
651 3878 826 3977 publicato
833 3881 910 3975 ficit
924 3878 1098 3980 scenoscri
1121 3893 1158 3956 to
1178 3883 1298 3980 regalo
1317 3879 1550 3982 (specialium
1569 3880 1731 3959 reserva·

101 3987 251 4063 ¹tionum
281 3982 381 4080 super
410 3981 538 4078 gratiis
565 3976 847 4078 exspeslativis)
880 3977 987 4055 Rome
1017 3982 1052 4053 in
1082 3906 1297 4077 becellaria
1319 3982 1499 4082 apostolico
1521 3981 1576 4061 die
1596 3978 1729 4057 Montis

103 4083 206 4162 xxvi.
226 4082 341 4179 menfis
361 4075 537 4274 3111111112·
560 4075 666 4190 Anno
687 4116 725 4136 ·-
744 4077 980 4191 1111111111.
1001 4076 1072 4158 &a
1110 4078 1312 4192 ignoravit
1335 4078 1546 4178 Andnsredi.
1609 4133 1616 4143 =
1661 4111 1666 4118 ·

269 4172 793 4349 ³
815 4169 1142 4291 1
1194 4174 1730 4272 ..r

100 4377 205 4487 tlnnt
225 4370 469 4487 ecclesiastica.
499 4395 535 4460 4.
593 4369 759 4485 Charast.
780 4373 883 4468 goth.
909 4372 1144 4555 tffigraphi,
1169 4385 1213 4449 ut
1244 4374 1411 4462 videtur,
1438 4375 1582 4451 romani
1608 4373 1731 4471 cujus·

100 4476 211 4569 dnm,
235 4471 326 4582 num
349 4467 497 4571 quidem
516 4467 697 4553 nousaue
714 4470 913 4577 cognitus,
988 4467 1166 4552 ecustod.
1191 4468 1318 4579 figunt
1343 4471 1383 4554 u
1402 4496 1492 4554 uum
1513 4472 1592 4586 soll.
1643 4474 1730 4553 Ten.
1776 4506 1783 4519 ·

793 4898 838 4928 ,fl
926 4904 955 4927 e-
