3644 4964
410 346 484 423 Nec
503 340 564 419 tibi
591 343 712 419 dinoci
729 366 877 439 proouor
887 340 1050 440 seriemq3
1076 344 1249 421 uerendum
1392 365 1410 425 ,·

485 438 534 515 Et
558 443 671 514 uarios
695 441 780 512 ortis
800 438 893 536 snpe-
911 440 1035 533 referre
1057 438 1163 527 iocor,

411 536 536 611 Pnrior
561 536 671 610 cletiro
701 532 848 630 Nasonis
875 560 959 608 trena
1008 547 1087 609 oeta

488 632 562 707 Nec
581 638 672 725 flunt
693 633 845 727 ingratas
872 629 963 706 tarsi
986 655 1085 727 oper
1100 627 1252 726 salebras

416 728 544 821 Nunq3
571 738 809 801 incurrentem
854 730 938 799 uruit
958 726 1088 825 craristc
1115 723 1246 801 libellus

490 824 541 898 Vr
551 824 655 992 perer
681 824 786 894 cuiuis
799 752 938 919 siccine
966 822 1135 919 discipulo.

416 916 486 1018 Qui
508 945 549 991 no
564 932 595 992 cr
616 920 782 1031 egregium
809 920 867 1013 qni
905 946 922 991 e
945 924 1100 1018 ostentare
1127 915 1257 991 beorum

374 1054 383 1069 ·
497 1013 662 1111 lingent:
688 1016 829 1087 inuentis
896 1013 972 1088 dere
1018 1013 1153 1106 crftrrise
1173 1017 1225 1113 est.

98 1112 200 1188 Folio
224 1110 375 1185 secundo
398 1104 462 1181 At
485 1109 730 1209 Illustrrffimum
755 1109 940 1204 Principem
971 1040 1162 1183 ildericum
1187 1109 1315 1183 Ducem
1350 1104 1477 1181 Vrbini
1499 1109 1621 1183 montis
1648 1106 1730 1213 Fe·-

100 1210 185 1282 retri
205 1205 246 1283 si
268 1206 437 1281 Durnntis
463 1203 618 1279 Comitem
641 1209 869 1301 imperatorem
888 1206 1107 1306 innitiiffimi:
1137 1203 1304 1281 ncSnniic
1319 1204 1385 1282 Ro.
1405 1202 1547 1295 Ecclefic
1565 1204 1717 1278 Vexish'·

91 1304 206 1398 scrnm
237 1300 384 1376 Autenti
414 1298 596 1398 Constantii
625 1301 782 1398 anrnstr
802 1301 949 1395 proflatio
977 1303 1012 1375 in
1034 1302 1249 1375 cementarios
1275 1296 1445 1400 Fufiorum
1466 1297 1636 1395 Nnfimir,
1665 1301 1711 1373 sc.

98 1399 229 1494 incipit
276 1399 381 1471 Hanc
406 1397 444 1470 in
464 1396 581 1473 aversa
606 1395 769 1491 ejusdem
792 1396 868 1480 solii
898 1399 1026 1492 pagina
1049 1398 1143 1471 circa
1165 1398 1325 1472 medium
1350 1396 1483 1487 excipit
1511 1396 1717 1490 interpretIs

100 1493 146 1567 In
171 1491 284 1591 Falsus
306 1492 560 1588 Argumentum.
635 1493 734 1566 Folio
754 1508 874 1568 autem
897 1495 1001 1567 tertio
1026 1491 1066 1564 P.
1094 1489 1211 1566 Ouidii
1239 1491 1386 1588 Nasonis
1413 1488 1584 1589 Frisiorum
1610 1488 1717 1562 Liber

99 1588 235 1666 Primus
254 1588 298 1663 sc.
317 1589 451 1681 incipit.
500 1589 729 1663 Charasteres
749 1602 824 1661 tam
847 1602 969 1661 textus
994 1587 1126 1671 Ovidii,
1156 1611 1263 1684 quam
1283 1586 1622 1662 commentariorum
1639 1586 1716 1656 Ro-

99 1685 197 1760 mani
219 1684 316 1768 sunt,
345 1685 395 1756 illi
442 1684 561 1756 uidem
584 1683 737 1778 majores
770 1685 1031 1778 perelegantes,
1059 1686 1097 1757 hi
1119 1708 1202 1759 vero
1232 1686 1399 1758 minores.
1464 1682 1600 1755 Charta
1625 1698 1719 1773 prae·

100 1780 297 1857 siautissuna
321 1780 388 1863 est,
418 1707 614 1874 itarnplos
639 1783 746 1854 habet
771 1781 957 1873 margines.
1010 1780 1144 1855 Literae
1164 1781 1315 1856 initiales
1340 1779 1508 1853 librorum
1531 1776 1570 1851 iu
1594 1788 1720 1857 textu,

100 1876 282 1957 custodes,
309 1876 464 1958 numeri,
489 1875 790 1971 &inscriptiones
816 1874 1025 1967 paginarum
1047 1875 1188 1949 desunt:
1216 1876 1358 1951 chartas
1372 1894 1457 1947 vero
1470 1872 1720 1967 typographus

98 1970 249 2065 signarit
269 1969 379 2043 literis
404 1996 487 2045 a·-
502 1995 539 2044 x.
612 1968 710 2045 Ante
734 1971 892 2043 medium
913 1970 1036 2064 primae
1058 1972 1197 2065 paginae
1217 1971 1290 2045 folii
1317 1970 1406 2044 sexti
1456 1966 1673 2041 uateruionis
1693 1988 1721 2037 x

101 2065 301 2142 chaauere
327 2066 473 2159 gothico
495 2064 673 2159 grandiori
696 2064 875 2159 sequentia
894 2064 1060 2159 leguntur
1084 2066 1284 2161 subscripta:
1314 2064 1426 2161 Impre
1452 2088 1507 2135 um
1535 2058 1642 2135 Rome
1658 2082 1723 2156 per

101 2158 279 2237 Eucherii
300 2158 411 2236 Silber
435 2162 523 2234 aliur
543 2159 674 2237 Franci
699 2163 833 2234 nntiorn
853 2160 1043 2235 Asemuni:
1072 2160 1116 2233 ub
1140 2162 1244 2235 Anno
1274 2164 1378 2242 nollre
1421 2159 1533 2233 usuris.
1563 2155 1621 2233 M.
1637 2180 1723 2235 cccc.

107 2256 252 2335 lxxxix.
283 2255 337 2329 dic
366 2279 443 2329 nero
465 2260 602 2330 ueneris.
628 2258 734 2334 xxiii.
758 2260 870 2354 mensts
887 2254 1034 2330 osiobrir.
1106 2259 1147 2331 ln
1169 2256 1288 2332 aversa
1308 2246 1380 2331 lolii
1405 2254 1571 2351 ejusdem
1589 2254 1724 2348 pagina

103 2354 274 2427 Antonius
300 2350 506 2465 Carpinatius
530 2354 717 2448 Zogorclso
743 2352 891 2447 Fanenfi.
915 2350 952 2428 S.
1033 2353 1075 2427 ln
1105 2353 1247 2451 epistola
1269 2354 1338 2426 hac
1361 2349 1451 2426 Fani
1473 2346 1724 2422 triturantis,

102 2449 158 2524 M.
174 2446 373 2525 cccclxxxii.
396 2448 521 2546 scripta
542 2449 709 2525 adfirmat
731 2450 972 2532 Constantius,
993 2448 1027 2523 se
1051 2446 1124 2542 jam
1146 2449 1282 2524 dudum
1305 2461 1390 2521 ante
1409 2448 1476 2520 hos
1498 2457 1727 2529 commenta·

103 2546 176 2619 rios
191 2547 216 2636 Ι(
225 2544 480 2639 manuscriptos
503 2545 659 2643 scilicet)
688 2545 850 2629 edidisse,
883 2568 990 2640 quam
1015 2545 1152 2619 Marsus
1177 2544 1328 2620 Piscinas
1350 2543 1604 2638 aggrederetur
1624 2539 1726 2615 suos:

103 2641 188 2714 hinc
204 2664 275 2714 non
298 2639 488 2727 securare,
515 2644 609 2736 quod
632 2668 653 2718 a
674 2640 788 2718 Marso
808 2640 1027 2735 impressione
1048 2641 1386 2714 commentariorum
1405 2639 1546 2712 suorum
1563 2656 1725 2733 praever·

103 2747 251 2809 teretur.
303 2735 343 2808 ln
365 2737 492 2811 eadem
516 2738 658 2831 epistola
679 2739 837 2811 locorum
864 2736 1085 2831 quorundam
1111 2736 1440 2831 interpretationem
1460 2733 1556 2807 suam
1577 2728 1727 2807 aMarsr

102 2830 411 2927 interpretatione,
439 2845 480 2906 ut
501 2855 584 2906 eum
605 2833 811 2926 Zagarellus
835 2844 1043 2916 monuerat,
1067 2832 1237 2905 diversam
1258 2831 1423 2906 vindicat.
1493 2828 1725 2903 Terminatur

104 2927 248 3021 epistola
276 2931 315 3000 in
340 2930 453 3022 prima
477 2927 650 3022 sequentis
679 2928 754 2999 folii
776 2929 921 3023 pagina:
949 2927 1067 3001 aversa
1088 2942 1210 3001 autem
1231 2922 1394 3019 ejusdem
1413 2923 1600 3022 Registrum
1622 2921 1727 2995 exhi·

103 3024 166 3098 bet
187 3024 404 3097 chartarum.
454 3023 574 3097 Editio
597 3023 677 3096 haec
700 3022 868 3095 Eduardo
891 3023 1093 3107 Harwood,
1122 3021 1199 3117 ejus
1223 3045 1268 3095 ue
1288 3023 1471 3115 interpreti
1499 3016 1634 3095 Carolo
1656 3012 1729 3091 At-

105 3130 161 3190 ter
182 3118 247 3192 huit
270 3118 467 3214 incognita:
493 3141 575 3194 eam
596 3138 681 3193 vero
704 3118 873 3192 excitavit
897 3117 951 3191 Cl.
975 3119 1015 3192 P.
1034 3115 1174 3195 Audill'r
1219 3120 1231 3190 i
1253 3140 1333 3213 pag.
1353 3131 1431 3211 289.

110 3366 307 3459 Xlllle.
347 3366 563 3459 Francisci
589 3372 643 3459 de
663 3372 811 3486 Platea
834 3374 938 3461 Ord.
966 3374 1079 3464 Min.
1137 3369 1363 3463 Trnslnrnr
1401 3367 1725 3477 restitutionum

228 3476 428 3591 Usirrnrii
490 3485 534 3569 si
593 3485 1048 3575 rxrumnnirntiomrm.
1142 3485 1312 3597 Jacobo
1364 3484 1726 3597 Wimpheliugio

221 3598 422 3713 hortante
446 3622 524 3710 per
548 3595 721 3685 Petrum
737 3596 885 3689 Drach
910 3596 1093 3712 impres.
1125 3599 1259 3713 Spirae
1282 3615 1406 3710 1489.
1434 3600 1477 3685 in
1501 3592 1608 3692 Ful.

265 3784 385 3861 Verba
411 3786 584 3862 Trnd'otur
599 3791 668 3867 dec.
697 3791 864 3887 leguntur
886 3792 924 3862 in
951 3791 1063 3897 prima
1091 3793 1193 3886 primi
1216 3792 1290 3865 solii
1312 3791 1441 3885 pagina
1464 3790 1611 3883 gothico
1635 3791 1727 3868 cha·

106 3878 237 3956 rasiare
260 3881 449 3975 majusculo
470 3886 641 3979 impressa.
722 3888 760 3961 ln
782 3885 903 3961 aversa
926 3886 1089 3977 ejusdem
1111 3886 1185 3959 lolii
1208 3888 1336 3981 pagina
1362 3884 1487 3982 incipit
1510 3881 1628 3958 tobnsa
1649 3885 1723 3961 &a

106 3975 276 4051 exhibens
294 3979 413 4051 brevia
432 3977 649 4073 fingnlorum
673 3984 797 4056 ordine
817 3980 972 4073 capitum
993 3996 1217 4071 argumenta.
1267 3982 1360 4057 Haec
1384 3982 1506 4058 tabula
1527 4004 1600 4053 non
1621 3981 1727 4076 pagi·

107 4090 193 4142 nam
216 4084 356 4146 tantum
377 4073 494 4155 istam,
516 4074 704 4151 sedetiam
728 4075 903 4169 sequentia
923 4073 1092 4147 undecim
1114 4075 1215 4160 folia,
1243 4078 1353 4151 literis
1377 4079 1475 4153 aa&
1491 4080 1537 4153 bb
1562 4074 1724 4168 signata,

107 4179 269 4315 ocpupat.
320 4168 359 4239 In
383 4170 501 4278 aversa
529 4169 704 4287 sequentis
725 4172 796 4243 solii
816 4168 944 4263 pagina
966 4164 1065 4240 Petro
1086 4167 1190 4281 drucio
1212 4172 1277 4244 riui
1301 4170 1479 4269 Consusuri
1496 4170 1627 4282 Spirrr'r.
1642 4167 1726 4339 {a-

105 4259 863 4469 rrrrrrrttrrrrnrra
883 4258 1728 4461 ττττττττττττττττ

1545 4482 1679 4557 rnrngrn
