3644 4964
718 163 1094 304 μ--ῑ-Ξέι-ὲ
1408 142 1446 296 “,
1687 208 1744 308 3⁵

111 374 224 466 aaa>
257 387 333 458 nor
368 366 453 472 sont
486 369 632 483 lucica
663 383 736 472 top
762 372 870 462 noct)
904 362 1094 470 betietbcn
1113 368 1267 469 >austro
1288 373 1406 459 licbm
1439 377 1570 475 berron
1607 394 1741 486 potua

119 475 236 575 -bcsu
262 475 363 566 criti
387 472 523 577 gabart
548 473 924 565 nicromanticum
950 473 1131 574 munais
1151 474 1233 555 aab
1259 474 1329 556 bru
1357 476 1418 572 iot
1444 477 1581 581 metult·
1631 482 1738 560 Conf.

138 600 246 653 anzcr
266 571 400 653 Aonol.
426 594 510 668 pag.
534 595 615 647 202.
644 571 682 648 δι
706 569 828 644 Braun
850 592 932 668 pag.
960 594 1007 670 24

136 710 166 767 χ
277 698 332 748 ιο.
357 669 525 745 Mercurii
555 667 591 743 T
584 667 680 766 risme
705 670 756 769 isti
778 667 884 744 Liber
909 667 965 744 De
1026 672 1155 768 otesiate
1174 667 1228 745 Et
1251 668 1426 770 Sapientia
1449 669 1520 748 Dei
1539 673 1609 751 Per
1630 677 1741 757 Mor·

105 773 213 878 filium
240 767 394 847 Ficinum
426 765 612 844 Traduiiur
631 695 704 843 Ai
727 765 879 865 Cosmm
900 767 1068 845 Medicen.
1091 768 1129 844 in
1147 792 1182 857 4.
1234 771 1398 847 Charaii.
1416 794 1554 849 roman.
1572 799 1652 852 cum
1670 778 1739 875 fig·

109 889 183 949 nat.
202 896 274 950 a·
288 870 325 946 h.
352 865 427 944 sme
450 866 582 944 custod.
608 864 654 942 ti
665 888 764 943 num.
787 867 860 943 foll.
911 866 973 944 Ad
992 868 1149 945 calcem:
1175 902 1217 923 -
1243 866 1412 945 Mercurii
1439 867 1603 971 Trlsmcgi
1628 881 1660 949 ri
1672 903 1736 974 per

108 969 303 1065 iliorfilium
330 964 482 1043 licinum
500 962 587 1063 (fic)
607 961 836 1041 Florentinum
858 992 875 1040 e
896 987 1007 1063 groco
1028 968 1063 1040 in
1085 965 1227 1039 latinum
1254 967 1400 1044 troduiii
1423 965 1532 1047 Finis.
1585 880 1735 1053 amorim

109 1095 169 1169 per
192 1067 401 1146 Damianum
422 1064 464 1139 le
482 1063 693 1159 Mediolano.
721 1063 778 1140 M.
799 1061 1197 1140 CCCCLXXXXIII.
1223 1063 1277 1138 die
1297 1090 1335 1142 x.
1346 1067 1466 1142 ·Maii.
1605 1108 1609 1116 ·

274 1191 331 1242 11.
363 1162 566 1261 Compendi3
589 1165 694 1238 tocius
712 1160 818 1259 logice
839 1161 929 1263 quoi
946 1186 968 1237 a
985 1189 1051 1238 non
1071 1163 1176 1237 nullir
1196 1165 1361 1259 paruulus
1384 1166 1596 1264 antiquorum
1620 1173 1738 1269 appel·

106 1263 205 1341 latur
226 1288 300 1338 cum
327 1264 455 1365 optima
478 1258 703 1337 declaratione
721 1262 830 1362 ipstuc.
881 1259 990 1337 quta
1018 1259 1162 1337 latioris
1183 1257 1333 1357 sanliio
1357 1266 1497 1340 inionem
1521 1270 1662 1344 nouiciic
1686 1271 1738 1347 lo·

133 1365 196 1438 icis
219 1386 286 1437 non
305 1385 380 1460 pa4
401 1359 492 1437 utile.
518 1383 603 1437 cum
622 1361 738 1440 tribus
756 1359 925 1436 distichis.
990 1360 1142 1439 Editore
1161 1359 1300 1456 Magno
1361 1362 1437 1439 und
1458 1361 1608 1443 Artium
1635 1370 1753 1468 Mag.

108 1390 289 1559 iipfienfi.
310 1461 350 1535 in
372 1486 408 1558 4.
458 1458 625 1537 Characa
650 1481 766 1556 germ.
799 1455 932 1536 cumfi
1005 1470 1030 1535 t.
1054 1458 1210 1536 &num
1237 1459 1311 1534 foll.
1341 1458 1416 1538 sune
1447 1461 1582 1540 custod.
1634 1465 1736 1564 Opus

108 1560 221 1657 iplum
240 1558 337 1636 foliis
358 1557 497 1636 constat
517 1557 720 1634 numeratis
743 1555 858 1635 clxiii.
968 1557 1124 1634 caedunt
1150 1555 1236 1634 folia
1255 1581 1328 1634 non
1350 1571 1543 1636 numeratu
1568 1584 1623 1660 14.
1652 1587 1735 1660 quae

110 1658 270 1735 indicem
292 1657 467 1734 continet.
517 1654 580 1733 Aa
601 1655 739 1734 calcem
760 1655 842 1732 folii
868 1677 933 1752 14:
961 1653 1158 1756 Impreffum
1176 1660 1217 1754 eft
1239 1655 1301 1732 lroc
1318 1680 1400 1754 opus
1414 1656 1625 1758 Lipttigper
1642 1663 1737 1739 Boc·

112 1757 276 1832 calarium
296 1753 496 1833 Martinum
519 1751 790 1853 Heriipolensem
823 1779 911 1830 anno
933 1753 1060 1854 salutis
1092 1750 1277 1855 christiane.
1304 1777 1413 1854 1493.
1460 1754 1657 1839 Accedunt
1682 1763 1738 1840 in·

111 1849 223 1954 fignia
246 1855 473 1954 typographi.
523 1853 648 1930 Editio
671 1851 809 1929 Leiclcio
832 1853 1024 1952 incognita.

276 1978 332 2029 ιι.
359 1953 437 2028 Hoc
457 1956 493 2028 in
516 1953 680 2028 uolumine
701 1949 762 2053 lec
786 1956 1004 2030 continentur.
1030 1951 1086 2029 M.
1118 1948 1210 2028 Tulii
1233 1949 1403 2029 Ciceronis
1424 1951 1653 2054 Epistolorum
1672 1961 1737 2056 sa·

110 2049 280 2129 miliarum
302 2047 384 2127 iibri
418 2051 577 2127 exlecim.
645 2048 801 2130 Vbertini
818 2051 941 2129 Clerici
964 2050 1201 2148 Cresentinatic
1215 2051 1282 2152 (stc
1327 2051 1372 2127 in
1399 2051 1567 2129 Ciceronis
1585 2059 1736 2155 epistolar

111 2151 338 2226 commentarii
402 2153 509 2227 arcini
529 2148 685 2226 Pluilctici
700 2153 735 2226 in
750 2150 912 2249 quasdam
936 2151 1085 2250 epistolas
1103 2147 1233 2227 ellctias
1248 2052 1334 2250 (tic)
1353 2155 1580 2228 commentarii
1597 2153 1740 2255 Goergii

109 2248 258 2325 Merula
281 2246 515 2327 Alexandrini
538 2252 575 2325 in
596 2249 763 2351 epistolam
793 2250 840 2324 ad
872 2247 1053 2325 Lentulum
1076 2245 1286 2348 Spintherem
1317 2262 1478 2326 accurata
1504 2251 1736 2350 interpretatio

108 2346 250 2423 Attica
262 2346 347 2445 fient
366 2349 466 2424 etiarn
497 2349 660 2425 nonnulla
691 2350 763 2425 alio
789 2348 865 2423 loca
887 2350 923 2424 in
947 2345 1033 2423 libro
1062 2350 1110 2422 mi
1124 2347 1332 2422 celanearum
1350 2372 1414 2445 per
1436 2346 1609 2447 Angelum
1641 2347 1740 2429 Pali·

103 2450 240 2524 tionum
262 2447 502 2568 interprptota.
548 2444 613 2547 icc)
639 2446 667 2522 F
668 2449 716 2527 ol.
745 2447 853 2522 Char.
878 2468 1021 2527 roman.
1119 2448 1141 2520 d
1165 2445 1304 2520 calcem
1328 2446 1407 2522 folii
1430 2470 1483 2523 cc.
1495 2448 1634 2523 xxxiiii.
1667 2451 1739 2525 im·

92 2542 429 2722 Partitiimciiiiii'i
471 2545 741 2722 ‘ionic'imiifi
756 2542 961 2724 bergoliptrimt
979 2542 1088 2716 gnua
1100 2539 1177 2718 ⁴goii.
1195 2543 1250 2716 Μ.
1267 2564 1365 2656 cccc.
1385 2542 1558 2625 lxxxxiii.
1580 2545 1739 2628 Diexxi.

206 2699 216 2721 .
623 2699 634 2721 .
716 2667 860 2721 aucta
1019 2667 1148 2717 enuu
1208 2666 1267 2716 cm.
1319 2667 1376 2719 a.
1447 2668 1479 2722 2.

277 2764 332 2828 13.
358 2669 539 2820 Diouem
564 2741 729 2818 Gratiani
745 2742 877 2838 summo
891 2664 1004 2842 stiiiclio
1027 2668 1253 2815 elaboriiicm:
1279 2662 1455 2818 cirrgciiicin
1485 2753 1613 2818 etcum
1641 2744 1740 2824 librir

91 2835 226 2918 Biblie
245 2853 399 2923 accurate
422 2841 667 2918 concordatum.
719 2841 873 2916 Editore
893 2840 1028 2919 Sebast.
1049 2841 1180 2916 Brant.¹
1199 2840 1238 2914 in
1256 2863 1293 2934 4.
1344 2840 1506 2917 Charali.
1527 2845 1630 2938 goth.
1654 2869 1740 2922 cum

78 2941 241 3038 signat.
302 2939 363 3015 Ex
387 2940 535 3038 epistola
571 2942 618 3016 ud
643 2937 832 3016 Lestorem
857 2938 991 3016 Sebast.
1022 2937 1159 3022 Brant,
1187 2937 1225 3014 in
1256 2937 1357 3015 calce
1385 2937 1545 3036 adicito,
1571 2941 1739 3020 discimus

92 3038 262 3116 finitum
286 3037 355 3115 effe
372 3063 464 3137 opus
488 3065 548 3136 per
567 3032 768 3144 ffolconaem
781 3035 907 3134 froben
930 3037 973 3112 cie
990 3033 1254 3136 Hammeliurgc
1282 3035 1482 3138 imprefforie
1504 3042 1590 3114 artic
1610 3044 1761 3139 primo·¹

92 3140 199 3250 nium
222 3133 392 3264 afflclomc
413 3137 611 3236 fidelemque
631 3138 840 3236 operarium:
865 3137 979 3252 Anno·
991 3135 1128 3252 [ιῐιιὶι.
1154 3133 1354 3250 mcccc
1387 3135 1611 3237 Nonagefimo
1637 3143 1737 3216 tertio

94 3230 616 3432 sspgsmznggtiffiffleae.
667 3235 763 3314 Cum
784 3237 928 3317 duobus
946 3236 1104 3313 mmcms
1129 3235 1296 3311 ordmem
1314 3249 1589 3332 quaternorum,
1616 3238 1654 3316 δι
1673 3264 1741 3316 nu·

279 3457 335 3532 14.
360 3433 466 3512 Liber
500 3433 538 3511 Ε
560 3433 697 3535 istolaru
726 3429 816 3509 beati
849 3429 1033 3533 Augustini
1065 3430 1206 3529 episcopi
1238 3427 1274 3504 tn·
1320 3432 1444 3528 onmsts
1487 3418 1620 3532 eccleste.
1661 3432 1738 3512 Fal.

101 3527 279 3608 charoli.
302 3555 397 3610 rom.
415 3558 499 3614 cum
522 3461 649 3631 ignat.
663 3533 702 3611 ἀ
717 3553 817 3609 num.
843 3530 920 3606 foll.
971 3527 1032 3605 Ad
1056 3529 1212 3608 calcem:
1280 3530 1329 3602 iui
1348 3527 1487 3605 Aurelii
1507 3529 1689 3628 Augustini
1701 3570 1739 3590 ·-

102 3628 197 3707 liber
213 3628 342 3726 epaltu:
377 3672 411 3691 -
449 3632 509 3710 Ar
556 3644 736 3709 mentorum
755 3653 879 3728 quoque
897 3641 1017 3715 nouom
1035 3628 1278 3724 praenotatione
1294 3661 1333 3680 ··
1352 3627 1528 3721 expostum:
1556 3639 1655 3724 atque
1670 3652 1738 3733 opo

103 3725 462 3908 zagipirrffpmppis
487 3658 743 3906 ffxmptast
759 3726 923 3828 pseiialc:
943 3724 1062 3839 ¹Anno·
1079 3724 1141 3799 ciii
1165 3721 1235 3801 &a
1266 3720 1367 3820 xciij.
1390 3719 1566 3799 Foeliciter
1587 3728 1738 3823 explicit.

145 3851 221 3902 on.
298 3853 388 3906 eus
427 3854 490 3906 rm.
537 3855 595 3907 a.
642 3854 701 3904 οι.
1041 3860 1044 3865 ·

277 3951 333 4015 15·
362 3853 613 4005 Formuleiriim
633 3927 873 4003 aduocatorum
892 3933 924 3999 et
967 3931 1198 3997 rocuratorum
1217 3914 1369 3994 Romane
1385 3917 1475 3993 auria
1488 3929 1519 3992 et
1533 3915 1635 4015 Regii
1649 3917 1741 3995 Par·

108 4024 268 4138 leamenti
289 4051 328 4084 ···
353 4027 392 4102 in
414 4053 450 4125 4.
479 4027 574 4105 Cum
599 4027 723 4123 signat.
745 4022 784 4101 &
807 4047 906 4100 num.
932 3947 1007 4098 iix.
1059 4017 1119 4096 Ad
1146 4017 1284 4094 calcem
1308 4018 1346 4092 in
1373 4039 1454 4112 pag.
1480 4041 1513 4092 1.
1539 4016 1600 4092 sol.
1617 4038 1738 4098 ccxlx.

110 4157 164 4301 {r
183 4120 336 4301 impfflum
358 4124 491 4300 Bcgsclpe·
507 4124 617 4299 lpinnp
640 4124 710 4200 dni.
731 4123 782 4237 Μ
801 4145 898 4198 cccc.
918 4116 1091 4293 lxxtxxiij.
1111 4116 1215 4218 sexto
1235 4116 1322 4214 ydus
1338 4115 1481 4214 Morcij.
1511 4115 1588 4208 finit
1602 4116 1740 4213 soelici·

164 4280 174 4301 .
259 4247 323 4300 um
346 4249 379 4305 2.
430 4248 506 4299 tle
532 4246 563 4298 ts
613 4243 779 4300 coerts
801 4243 842 4296 ar
870 4243 978 4295 umen
998 4242 1032 4292 ο.
1250 4295 1254 4302 ,
1613 4232 1618 4240 ’

208 4348 212 4355 ·
240 4394 248 4401 ,
280 4329 336 4399 ιὸ.
366 4321 471 4398 Liber
488 4319 626 4398 Alierti
648 4245 766 4418 miigni
786 4358 823 4380 ·-
842 4243 898 4392 gcle
918 4328 1046 4392 natura
1068 4340 1110 4391 ac
1138 4312 1390 4388 immortalitate
1412 4312 1520 4386 anime
1552 4338 1626 4386 cum
1653 4339 1741 4388 com·

110 4428 221 4497 mento
242 4420 479 4522 compendioso.
510 4421 547 4496 in
572 4441 607 4513 a.
657 4417 821 4497 Citarali.
851 4418 952 4514 goth.
976 4437 1060 4490 cum
1084 4412 1209 4510 fignat.
1230 4409 1304 4485 ime
1322 4409 1458 4486 custod.
1478 4409 1517 4487 δι
1537 4434 1635 4486 num.
1660 4411 1736 4488 solt.

109 4516 176 4603 Aa
195 4517 353 4613 cucero:
390 4563 436 4581 ·-
473 4517 654 4622 Impreffuc
683 4515 832 4620 impensa
866 4511 996 4695 {aspar
1013 4510 1100 4614 (iic)
1134 4507 1327 4609 Haciseder
1357 4509 1442 4589 ciuis
1471 4505 1741 4684 Nurcnbcpppnst
1790 4532 1819 4585 .·

248 4692 250 4697 1
933 4635 958 4702 2
1002 4687 1004 4690 .
1577 4627 1633 4705 iil
