3644 4964
90 397 257 476 ninatur
271 387 391 476 bulla,
418 387 496 475 seu,
522 398 565 464 ut
585 381 834 484 adpellabatur
858 389 1011 474 notitia,
1038 385 1137 482 quod
1162 384 1269 464 fuerlt
1292 382 1394 463 Leda
1416 379 1573 467 Romeia
1599 389 1717 470 Cdcel·

92 498 184 573 lario
206 489 315 590 eplicit
328 488 388 582 =die
408 485 560 564 Sobbots‘.
584 492 659 560 xix.
689 488 802 584 mmſss
819 484 995 590 Jonuorir'
1016 485 1121 560 Anno
1151 522 1193 542 -
1220 486 1491 587 Mcccclxxxuij.
1515 490 1586 568 &o
1638 493 1717 571 Ac.

92 594 194 670 cedit
215 591 351 668 ibidem
377 585 564 700 Regislrum
577 584 702 680 soliop.
755 585 937 697 ignorarit
957 581 1171 698 {ffliff'idit
1416 682 1438 698 ..
1536 685 1544 702 .

60 770 220 864 *auum
240 679 1145 892 tlt.llil..l.⁰.ll..⁰lilllllllflll.m{lt
1162 679 1510 857 distillo.
1535 687 1718 873 billi

91 881 300 985 prehensus.
327 881 365 954 in
388 900 424 971 4.
477 878 639 954 charan.
672 879 774 974 goth.
810 877 966 954 Videtur
990 879 1105 952 editio
1129 877 1280 977 eadem,
1322 900 1430 974 quam
1456 878 1657 978 Audipsuedi
1679 908 1717 981 p.

92 986 178 1082 462.
202 978 331 1056 tribuit
351 978 431 1076 Joh.
455 976 622 1051 Besrken.
1211 980 1218 1003 '
1799 1046 1800 1050 ,

255 1095 335 1164 295.
362 1073 550 1169 Sequuntur
569 1069 662 1147 Tnxe
681 1070 889 1149 Cancelldrie
903 1073 1073 1172 apostolice
1091 1084 1122 1145 cl
1159 1074 1244 1146 rimo
1256 1070 1295 1145 de
1308 1069 1541 1169 Experiutiur‘s
1553 1075 1714 1156 Robrica.

91 1180 131 1256 in
153 1201 188 1272 4
238 1171 406 1249 charnu.
429 1194 567 1248 roman.
594 1172 839 1257 rudiusculus,
865 1171 937 1246 sine
961 1171 1095 1248 custod.
1133 1185 1244 1267 ignat.
1264 1169 1415 1246 &nuru
1442 1173 1517 1260 soll.
1569 1178 1719 1255 Constat

91 1276 194 1354 foliis
219 1297 283 1355 10,
310 1292 464 1366 quorum
480 1294 520 1344 a.
546 1269 585 1346 &
614 1295 666 1344 10.
699 1292 814 1344 vacua
838 1269 929 1347 lunt.
979 1267 1342 1362 Videturexemplar
1365 1268 1520 1345 nostrum
1547 1274 1613 1348 else
1637 1300 1736 1350 mur

92 1374 212 1451 tilum.
261 1368 491 1445 Terminatur
523 1369 619 1442 enim
648 1367 695 1445 ad
722 1367 860 1443 calcem
884 1367 962 1442 solii
988 1393 1021 1459 o.
1046 1366 1106 1440 his
1126 1367 1266 1450 verbio,
1295 1389 1367 1441 una
1392 1367 1486 1442 linea
1512 1374 1715 1448 contentis:

92 1470 137 1549 bi
158 1469 256 1544 detur
275 1466 450 1540 coadiutor
473 1461 642 1539 obtinendi
655 1466 797 1563 fimplex
820 1460 871 1564 bel
899 1465 937 1541 δι
963 1464 1052 1538 nibil
1074 1463 1238 1559 amplius.
1283 1463 1343 1536 Est
1367 1465 1461 1539 sorte
1484 1470 1613 1542 eadem
1637 1472 1716 1545 edi²

92 1570 163 1658 tio,
190 1587 300 1664 quam
329 1560 528 1660 Audiffredi
558 1585 591 1658 p.
619 1586 701 1661 371.
727 1562 857 1637 tribuit
879 1561 1155 1636 Bartholomaeo
1181 1561 1400 1636 Guldinbelr.

258 1667 338 1753 20⁶·
372 1660 546 1735 Trnlsorus
562 1662 791 1757 procuratoris
812 1659 918 1734 editus
931 1655 997 1755 sub
1011 1660 1139 1732 nomine
1154 1657 1281 1732 dioboli
1303 1659 1372 1734 dcc.
1400 1660 1438 1734 in
1462 1682 1498 1755 4.
1550 1663 1716 1742 Charail.

93 1762 198 1860 goth.
215 1759 393 1855 Stephani
420 1758 574 1841 Planci,
603 1780 685 1831 cum
716 1756 842 1852 signat.
867 1757 938 1832 sine
961 1757 1097 1832 custod.
1122 1757 1160 1833 ἃ
1183 1781 1280 1831 num.
1304 1757 1381 1832 soll.
1440 1759 1588 1837 Constat
1616 1764 1717 1839 foliis

96 1888 162 1948 10,
189 1880 340 1957 quorum
365 1857 536 1931 ultimum
561 1878 717 1930 vacuum
740 1854 801 1931 est.
853 1856 960 1937 Conf.
987 1853 1187 1951 Audiffredr'
1206 1878 1240 1951 p.
1263 1860 1349 1947 460.

254 1979 339 2052 297.
366 1953 566 2029 Innocentii
591 1951 687 2029 Vlll.
714 1951 889 2030 sententia
918 1978 965 2028 ex
994 1954 1317 2029 communicatoria
1347 1963 1474 2028 contra
1503 1955 1720 2043 haereticos'‚

93 2055 261 2149 aliosque
291 2055 328 2127 in
352 2053 449 2127 bulla
472 2073 587 2126 coenae
610 2064 818 2127 contentos.
845 2054 884 2128 in
907 2076 941 2147 4.
994 2051 1160 2126 Clrarnil.
1178 2075 1268 2126 rom.
1290 2049 1362 2125 fine
1382 2051 1507 2146 signat.
1525 2054 1658 2127 custod.
1680 2054 1719 2130 δι

93 2176 193 2232 num.
213 2150 288 2225 foll.
314 2152 529 2225 terminatur
543 2150 630 2224 solio
653 2176 687 2247 4.
711 2149 824 2237 resto,
858 2149 962 2247 cujus
988 2151 1117 2227 ultima
1139 2151 1249 2225 verba
1271 2148 1367 2222 lunt:
1412 2148 1488 2222 Dur
1508 2148 1647 2223 Romen
1673 2149 1719 2224 ud

88 2250 216 2353 solium
245 2246 401 2321 Petrum:
429 2246 535 2322 Anno
555 2249 795 2321 iucarnationis
819 2247 933 2322 dirior.
948 2248 1003 2321 M.
1017 2274 1098 2320 coco.
1115 2244 1271 2322 lxxxxii.
1302 2244 1399 2344 (die)
1424 2247 1502 2319 xiii.
1527 2245 1604 2325 knl’.
1628 2177 1720 2344 buy

93 2345 315 2445 Pontijlcutus
337 2349 439 2444 nostri
461 2343 565 2419 Auno
587 2342 712 2420 odana.
761 2343 959 2422 lnfinuavit
986 2345 1201 2430 editionem,
1226 2343 1286 2418 sed
1315 2367 1389 2418 nou
1408 2343 1495 2419 vidit
1517 2343 1718 2443 Audiffredi

119 2470 178 2523 a.
228 2459 289 2528 08·
1655 2472 1656 2477 ‘

94 2471 118 2548 P
142 2471 168 2544 g
206 2471 226 2541 3
257 2557 338 2634 208.
366 2538 520 2616 Mathiae
541 2536 744 2638 (Corvini)
767 2539 882 2636 Regis
907 2537 1128 2633 Huugariae,
1154 2537 1346 2613 Bobemlae
1369 2537 1439 2615 &o
1459 2539 1561 2635 leges
1584 2542 1621 2617 in
1641 2542 1722 2619 die·

95 2655 152 2730 ta,
181 2655 224 2717 ut
247 2653 416 2724 vocatur,
442 2638 510 2735 seu·
525 2650 708 2712 conventu
735 2638 894 2735 generali
926 2650 1114 2733 procerum
1134 2636 1264 2732 ,Regni
1288 2637 1406 2711 Budae
1431 2638 1551 2712 habita
1575 2639 1719 2738 (nescio

121 2766 169 2817 uo
192 2738 312 2836 anno)
336 2737 508 2812 conditae.
535 2737 572 2810 in
599 2759 634 2818 4.
703 2735 864 2813 Charali.
897 2736 999 2831 goth.
1033 2732 1256 2819 luculentu8‚
1296 2758 1364 2808 nec
1391 2736 1597 2830 inelegans,
1635 2762 1719 2813 cum

95 2767 221 2936 ignat.
247 2838 279 2910 b.
312 2859 343 2909 c.
374 2834 409 2912 d.
432 2833 638 2930 quaternis,
673 2832 712 2910 dc
735 2859 767 2909 e.
794 2833 991 2931 quinterno.
1037 2831 1268 2906 Terminatur
1300 2856 1392 2928 opus
1419 2833 1508 2906 folio
1536 2837 1631 2909 rouo
1660 2863 1716 2912 10.

96 2934 278 3045 quinterni
301 2956 331 3006 e.
354 2928 426 3007 srne
450 2931 523 3008 nlla
545 2930 807 3029 subscriptione.
858 2929 1013 3007 Videtur
1029 2930 1154 3026 ignota
1171 2932 1304 3016 editio,
1331 2932 1378 3006 ad
1401 2930 1569 3006 saeculum
1594 2947 1720 3009 tamen

97 3046 425 3221 xv.pert;1;e9nsbe
448 3127 587 3224 efficxin
612 3124 697 3224 (sic)
721 3151 804 3226 nque
828 3122 987 3201 bmediisr
1012 3123 1175 3298 Magistri
1199 3119 1356 3230 Jonunis
1383 3127 1424 3202 de
1455 3124 1719 3207 Turrecremntn.

94 3229 167 3305 ch
178 3226 307 3301 titulus
327 3224 453 3318 figurae
469 3227 654 3320 quadratae
671 3227 772 3322 ligno
796 3225 914 3302 incisae
936 3224 1090 3299 inclusus
1120 3224 1250 3319 egitur.
1274 3227 1313 3301 in
1338 3253 1372 3323 4.
1424 3228 1588 3304 Charalt.
1614 3231 1717 3324 goth.

93 3325 297 3402 simillimus
319 3321 515 3397 charatteri
540 3322 618 3421 Joh.
642 3318 859 3399 Froschauer
887 3324 1106 3419 typographi
1139 3323 1347 3418 augustani,
1383 3349 1491 3420 quem
1522 3326 1722 3402 delineavit

93 3425 219 3502 Brauu
245 3420 285 3496 P.
319 3419 361 3494 Il.
379 3419 465 3495 Tab.
482 3417 507 3492 l.
528 3444 563 3493 n.
585 3418 629 3494 V.
654 3441 738 3493 cum
763 3419 886 3516 signat.
903 3416 949 3491 A.
966 3419 1011 3491 Β.
1026 3418 1067 3493 C.
1087 3419 1159 3493 linc
1183 3419 1316 3494 cullod.
1332 3421 1370 3497 dc
1385 3446 1482 3496 num.
1506 3423 1579 3497 soll.
1632 3424 1720 3498 Ter·

90 3525 253 3600 minatur
270 3519 341 3593 fine
365 3517 619 3615 subscriptione
641 3517 728 3593 folio
754 3543 808 3594 12.
833 3515 939 3592 teilo.
992 3514 1145 3592 Videtur
1166 3517 1295 3612 ignota
1315 3520 1450 3594 editio:
1478 3521 1526 3594 ad
1548 3519 1720 3601 saeculum

92 3635 221 3700 tamen
245 3616 327 3693 XV.
351 3617 542 3713 pertinere.
977 3683 978 3686 .
1689 3656 1692 3661 ·

259 3734 340 3799 300.
371 3711 512 3810 Clypeus
535 3721 651 3785 contro
675 3709 785 3785 ioculo
801 3707 909 3807 snrrd
929 3735 969 3786 ac
995 3710 1211 3785 immaculato
1235 3712 1380 3809 uirginis
1404 3715 1508 3788 morie
1535 3715 1720 3811 conceptio·

94 3839 170 3893 urm
192 3811 370 3886 volitantia
387 3835 450 3908 per
469 3808 600 3882 morsum
624 3811 725 3883 trium
741 3809 897 3904 sermoni
920 3816 960 3883 cri
983 3808 1126 3907 quodum
1149 3809 1306 3908 questione
1330 3808 1513 3907 theologica
1541 3838 1582 3885 nc
1605 3811 1744 3909 dispo?

95 3913 225 3989 tatione
247 3909 390 3983 iuridico
413 3909 447 3982 iu
469 3906 594 4003 scholis
621 3910 776 4008 iurr'florri
795 3904 880 3981 nilne
898 3909 1120 4080 uniuerArlotis
1141 3909 1307 4005 liptzeustr
1322 3908 1418 4001 fulin
1434 3905 1501 4005 sub
1518 3933 1606 3983 nuno
1627 3910 1722 3986 driico

95 4008 328 4088 incurreritis.
359 4005 415 4079 M.
433 4030 516 4083 cccc.
540 4003 681 4082 lxxxix.
709 4006 747 4080 in
768 4030 803 4100 4.
882 4006 999 4082 Chara
1035 4063 1043 4080 .
1077 4006 1180 4101 goth.
1215 4030 1300 4081 cum
1333 4004 1457 4101 fignat.
1489 4003 1536 4081 A.
1552 4007 1597 4085 B.
1615 4009 1656 4085 C.
1675 4009 1720 4085 D.

124 4105 287 4182 uaternis
309 4100 381 4178 fine
404 4101 538 4180 custod.
558 4104 596 4182 dr
623 4127 721 4177 num.
744 4102 818 4177 soll.
869 4098 930 4177 Ad
957 4104 1095 4197 calcem
1118 4104 1198 4178 folii
1222 4125 1279 4187 32.
1302 4101 1390 4178 versi
1407 4103 1540 4198 legitur
1556 4119 1722 4182 tanturn:

135 4205 212 4280 clos.
234 4202 272 4279 &
293 4195 499 4314 litteraeff
514 4198 553 4276 S.
602 4201 728 4278 Habet
752 4198 856 4275 Lciclr
878 4223 958 4298 pag.
986 4205 1045 4298 64.
1071 4201 1251 4315 refertque
1263 4203 1309 4275 ad
1331 4224 1469 4313 annun}
1496 4220 1601 4314 1439.
1625 4205 1723 4317 quod

98 4297 1723 4493 lzltssbttltlltl...“dimittitisillidittltddbttll:
1810 4415 1814 4421 ι

96 4501 258 4608 tionem.
292 4513 373 4592 quae
400 4492 635 4588 disputationi
658 4492 851 4596 praefixum
870 4493 982 4570 habet
998 4493 1165 4594 ejusdem
1187 4493 1376 4596 Clypeum.

148 4591 323 4723 Seemrllrr
339 4589 438 4691 Fasc.
458 4587 533 4676 IV·
609 4649 614 4658 ·
904 4588 935 4677 S
968 4654 970 4658 .
1455 4613 1539 4687 391.
1564 4587 1673 4690 Repe«.
1729 4611 1737 4625 ·
