3644 4964
91 349 285 444 xtra.
324 346 566 438 Alexandri
591 341 837 463 aphrodisii
853 346 1094 463 vcpblemata
1110 372 1190 464 per
1210 342 1409 465 Georgia
1430 321 1556 438 nella
1584 328 1660 439 inl

116 532 120 538 .
208 466 308 553 tinii
334 460 519 573 concerta.
554 455 1086 681 drisloteligpe·oblemata
1110 485 1145 579 p
1168 458 1397 551 Tbeodorie‘
1412 476 1563 593 gazei.
1616 454 1660 551 Pl

213 576 357 667 tarcbe'
382 574 655 690 problemata
676 598 755 690 per
827 572 989 660 obeant
1010 586 1141 686 petra
1178 574 1380 687 lucensem
1405 573 1605 693 empreffle
1640 570 1660 662 l

210 690 339 779 antiis
373 713 450 803 per
491 684 735 778 Antoniam
773 688 823 775 ele
857 680 998 794 tecte
1039 684 1367 800 Cremonensem.
1421 697 1560 780 Anno
1593 715 1660 803 14l

120 830 125 839 ’
213 805 259 893 in
289 800 330 893 F
333 804 395 897 ol.
452 878 455 883 ,

262 1031 303 1106 ln
319 1027 441 1111 aver&
462 1027 566 1137 primi
590 1026 664 1101 folii
676 1025 821 1200 pagina.
837 1022 954 1098 Vilior
976 1020 1120 1120 Pisanos
1136 1022 1309 1136 Ladonico
1324 1027 1512 1129 mnecnigo:
1532 1026 1660 1125 procel

41 1202 45 1209 ,
102 1130 132 1205 ti
151 1131 185 1203 in
207 1127 388 1224 eloquentia
401 1127 485 1199 niro.
501 1122 537 1199 S.
553 1122 594 1198 Ρ.
609 1122 658 1197 D.
730 1128 938 1219 praelentem
952 1120 1155 1205 Valloe‚'su1
1169 1121 1390 1198 &Ludovici
1403 1126 1609 1219 hlucenigae
1623 1124 1660 1200 Pr

103 1227 275 1324 captaris,
299 1223 626 1320 interpretationem
649 1218 895 1293 commendat.
972 1216 1086 1291 Finita
1116 1219 1184 1292 hac
1207 1219 1353 1315 epistola
1373 1221 1504 1318 legitur
1524 1223 1561 1295 in
1595 1222 1660 1297 ead

105 1324 237 1421 pagina
254 1319 298 1395 In
320 1316 379 1393 loc
401 1318 563 1393 nolnmine
595 1318 778 1390 concinitur
798 1312 997 1390 Alexandri
1022 1311 1209 1412 ephrodisei
1224 1317 1294 1392 &a
1318 1339 1399 1413 quae
1427 1319 1519 1394 titcih
1539 1318 1660 1392 locor

104 1420 193 1496 tavi
255 1416 400 1497 ¹Foliam
429 1415 619 1491 secundum
638 1413 837 1508 interpretis
861 1410 1053 1507 Epistolam
1077 1414 1222 1490 exhibet
1245 1414 1505 1490 dedicatoriam
1527 1414 1575 1492 ad
1596 1414 1660 1512 Joh

107 1515 318 1591 Marianum
342 1512 660 1594 Mathematicum‚
686 1532 756 1604 quo
783 1510 947 1582 hortante
981 1509 1056 1581 inte
1096 1511 1308 1585 rotationem
1343 1509 1438 1586 hanc
1464 1513 1597 1606 Georg.
1627 1510 1660 1585 V

107 1611 314 1709 susceperat.
381 1610 480 1682 Folio
505 1607 609 1681 tertio
631 1606 799 1704 incipiunt
825 1602 1023 1677 Alexandri
1048 1526 1250 1702 ffpleroelisei
1268 1602 1499 1681 Problemata:
1524 1606 1593 1682 Per
1619 1602 1660 1681 Ge

107 1709 202 1806 glum
228 1706 367 1782 Vallem
386 1703 615 1779 Placentinum
641 1702 683 1776 la
710 1701 871 1776 Latinam
901 1698 1016 1798 Trans
1013 1702 1106 1785 lota,
1135 1703 1336 1779 charaitere
1352 1705 1505 1779 rotundo
1523 1704 1660 1803 perelep

111 1806 158 1890 ti,
182 1803 220 1879 de
243 1802 421 1913 praestanti
445 1802 578 1875 chartae
601 1798 772 1898 imprella.
847 1799 1005 1910 loitiales
1039 1799 1160 1911 literas
1178 1824 1313 1912 'parvas
1335 1799 1372 1876 δι
1401 1801 1596 1914 signatores
1624 1816 1660 1972 tp

110 1896 810 2105 attentantemen
831 1894 1066 2102 tenent
1088 1896 1660 2103 reserreenremn

115 2093 233 2205 nionis
254 2092 289 2166 d.
337 2088 598 2205 Typographus
619 2112 655 2163 m
671 2088 797 2164 eadem
813 2113 943 2185 pagina
965 2090 1044 2163 haec
1068 2088 1272 2202 subscnplit:
1302 2088 1495 2190 Impreffnm
1503 2090 1661 2206 {serraliis

115 2186 520 2364 tlttttlllth
537 2181 1660 2395 ltlt‘tcfl‘ddilatandam‚lett‘ehtttttl

116 2387 147 2461 n‘
190 2383 289 2555 bapti
304 2382 462 2480 praefatio
479 2381 514 2455 in
531 2376 739 2480 problemata
762 2376 888 2478 Areae.
912 2377 959 2453 ad
980 2377 1116 2456 Sextum
1138 2382 1210 2455 ,iiii
1232 2382 1418 2476 pontificem
1442 2384 1626 2457 maximnm
1653 2409 1660 2454 e

117 2482 169 2558 tto
261 2482 372 2577 gitur,
398 2482 437 2555 in
484 2503 532 2556 ua
551 2477 711 2562 testatur,
739 2476 969 2553 Theodorum
1000 2479 1139 2553 Gazam
1163 2477 1338 2554 summam
1358 2479 1396 2555 in
1420 2479 1644 2571 emendando

119 2605 143 2656 o
168 2599 226 2652 ere
246 2575 442 2655 ,adhibuille
462 2575 465 2582 '
489 2576 699 2673 ''gentiam,
728 2598 812 2649 cum
836 2572 906 2649 'am
925 2589 965 2671 ty
989 2574 1118 2649 isellet
1132 2575 1180 2648 im
1205 2575 1417 2653 timendum.
1468 2576 1567 2652 Folio
1581 2574 1660 2673 sequ

37 2742 41 2747 .
159 2674 308 2775 rr'flotelis
336 2670 524 2847 Pleilospplei
554 2667 797 2745 Problematon
821 2596 997 2781 borticnhi
1018 2670 1136 2743 Prima
1162 2598 1345 2784 ssterpretc
1380 2672 1548 2748 Theodoro
1568 2671 1635 2748 Per

120 2775 234 2847 limam
258 2772 329 2871 (ab
351 2770 421 2868 ipso
473 2770 632 2845 heodoro
650 2770 750 2843 Gaza
764 2767 984 2860 adhibitam)
1007 2766 1259 2841 emendationem
1279 2770 1322 2846 lc.
1345 2773 1478 2868 incipit
1528 2771 1660 2846 Tennir

104 2883 179 2945 ·tur
199 2870 282 2947 haec
301 2867 528 2945 Problemata
547 2867 584 2941 in
604 2864 722 2939 aversa
744 2864 874 2960 pagina
898 2864 971 2938 folii
998 2863 1086 2939 sexti
1108 2867 1278 2941 ternionis
1302 2893 1347 2942 m.
1411 2869 1468 2942 Ex
1493 2867 1660 2963 subscript:

123 2968 171 3043 ad
201 2966 338 3041 calcem
365 2962 473 3059 hujus
501 2964 642 3058 paginae
670 2957 807 3036 ad'etta
844 2960 1008 3034 disdraus
1037 2960 1246 3056 impressioni
1279 2964 1389 3040 finem
1420 2964 1516 3040 huffe
1539 2963 1660 3060 impon

121 3062 172 3140 A.
188 3062 242 3136 M.
257 3058 492 3133 cccclxxxviii.
512 3082 572 3130 xo.
588 3054 668 3167 lieri.
686 2981 871 3161 januarii.
927 3055 956 3130 F
957 3055 1030 3131 olio
1047 3056 1203 3152 sequenti
1223 3056 1583 3157 CalplarninsMorco
1596 3059 1660 3135 Are

123 3160 198 3232 niro
226 3156 399 3254 clorifflmo
446 3153 567 3228 alutem
600 3153 703 3235 dicit,
744 3153 978 3251 adfirmatque
1011 3153 1045 3228 se
1073 3154 1221 3231 latimm
1248 3156 1347 3231 Petri
1372 3157 1521 3234 lucensis
1545 3157 1660 3234 verino:

125 3254 394 3331 Problemanm
441 3249 590 3325 lutarchi
611 3246 901 3348 cormptilsrmam
924 3251 969 3326 ab
995 3250 1252 3349 imprelloribus
1274 3254 1459 3352 accepisse,
1486 3255 1524 3331 ac
1548 3256 1660 3331 hinec

124 3372 203 3427 ram
236 3346 418 3434 dedidlle,
448 3361 490 3422 ut
517 3370 613 3421 nunc
635 3348 782 3445 quidem
812 3370 920 3443 quam
944 3347 1224 3428 emendatissima
1247 3352 1406 3449 prodiret
1433 3354 1471 3427 in
1490 3352 1619 3428 lucem.

126 3446 253 3524 eadem
282 3444 409 3543 pagina
443 3442 623 3542 Plutarchi
666 3484 712 3500 «-
751 3483 797 3501 -
834 3442 1049 3522 Problemata
1083 3445 1356 3550 Emmdotifflma
1378 3449 1566 3545 incipiunt·
1594 3449 1660 3523 ead

126 3568 195 3721 pue
215 3540 448 3654 terminantur
467 3543 507 3629 io
530 3542 646 3642 prima
672 3541 745 3617 solii
766 3541 878 3620 odaei
898 3543 1139 3643 quaternionis
1161 3570 1183 3621 o
1218 3548 1353 3644 pagina
1372 3547 1467 3626 linea
1488 3566 1545 3639 ro.
1621 3545 1660 3623 In

154 3665 214 3719 em
258 3660 363 3716 ama

234 3663 305 3740 ΡΒ
601 3734 827 3834 Calplmrnins
843 3736 1029 3836 Briximfis
1059 3734 1107 3810 ad
1128 3735 1271 3813 Domini

596 3860 669 3908 cnm
692 3832 923 3931 Siliprondnm
942 3845 1168 3913 mantuanum.

485 3928 579 4031 Quas
601 3929 682 4006 rodi
702 3927 840 4028 optabas
862 3916 913 4005 lia
937 3925 1133 4026 Siliprande
1150 3927 1279 4004 libellos

554 4025 712 4124 imprime
734 4027 786 4104 nil
801 4023 905 4127 paffet
923 4024 1035 4123 togae
1056 4022 1151 4100 dabla
1171 4049 1298 4101 manns.

487 4118 559 4221 Qui
577 4123 663 4219 leget
686 4123 747 4198 boc
770 4144 880 4221 aqam
902 4136 1016 4219 grates
1031 4118 1094 4197 tibi
1114 4120 1213 4198 leblor
1235 4119 1365 4200 babent

539 4216 636 4312 Atq3
659 4218 712 4292 idi
735 4218 863 4315 optabit
884 4219 1030 4295 condida
1042 4220 1125 4314 sota
1149 4216 1242 4302 milri.

484 4311 549 4388 Νᾶ
572 4313 667 4387 modo
689 4315 857 4414 mendosas
880 4318 973 4393 latiis
997 4313 1133 4392 malet
1152 4319 1187 4391 in
1210 4319 1278 4392 oris

537 4407 759 4487 Plutarchus:
781 4413 860 4513 rosa
881 4418 945 4490 nric
970 4411 1049 4491 bene
1063 4413 1152 4516 pelle
1171 4415 1263 4490 nitet.

1588 4511 1660 4593 Am
