3644 4964
88 310 194 402 ria,
218 308 260 394 dc
283 310 406 392 tibrda
433 308 644 392 sermonum.
704 311 904 395 Sermones
928 313 984 396 isti
1002 311 1326 416 qoadngeumales
1349 307 1390 391 de
1408 311 1551 412 peccatis
1575 315 1620 392 ab
1644 314 1742 415 ejus⁴
1772 380 1775 384 .

88 416 205 490 (lem
229 412 396 491 aulloris'
407 413 629 492 sermonibus
653 417 1018 515 quadragesimalibus
1034 416 1075 490 de
1090 416 1293 513 poenitentia
1311 413 1483 510 inscriptis
1506 415 1636 493 diuersi
1652 418 1761 493 sunt..

92 513 203 588 Hos
228 528 352 591 autem
376 528 462 590 ante
481 535 617 589 anuum
643 532 735 609 1483
757 518 892 592 nedum
913 513 1150 614 compositos,
1186 513 1244 590 sed
1274 512 1402 610 saepius
1424 515 1607 610 impressos
1632 516 1744 592 hahe-

90 633 225 702 mus,
251 635 383 713 nempe
399 635 486 691 auu.
506 631 625 710 1472..
637 619 744 711 1473}
764 638 856 716 1475
874 614 944 693 &c
995 614 1102 692 Cous.
1116 612 1240 692 Braun
1257 611 1298 690 P.
1313 611 1340 689 1.
1357 633 1440 710 pag.
1459 613 1540 709 146.
1559 632 1641 710 157.
1662 638 1745 715 177·

587 898 589 903 ,
731 809 941 904 ANNO
991 818 1137 928 1489.

286 1002 590 1087 enarradarum
624 1008 778 1111 magistri
812 1006 970 1117 Joaeeis
1000 1006 1042 1084 de
1074 1020 1183 1085 monte
1211 1008 1306 1106 regio
1333 1007 1402 1084 oiri
1427 1007 1622 1111 perilifflmi.
1648 1010 1686 1086 iu
1710 1035 1746 1110 4.

100 1105 287 1189 Charace.
306 1109 409 1204 goth.
437 1129 521 1182 cum
544 1106 667 1204 signat.
693 1134 726 1187 a.
743 1107 778 1186 b.
794 1133 825 1186 c.
850 1109 923 1187 fine
946 1108 1079 1184 custod.
1104 1111 1142 1186 dc
1165 1132 1265 1186 oum.
1286 1106 1362 1183 foll.
1398 1108 1534 1187 constat
1556 1121 1613 1184 46.
1638 1110 1746 1186 foliis.

102 1206 183 1284 Ad
207 1206 364 1284 calcem:
407 1203 652 1282 Kalendaricm
689 1245 739 1266 -
776 1208 919 1306 explicit
945 1207 1096 1302 feliciter
1122 1204 1280 1282 Erlardi
1303 1202 1433 1280 raldolt
1463 1248 1507 1261 -
1532 1206 1746 1301 imprimendi

104 1318 212 1382 crte:
240 1346 285 1360 -
311 1305 445 1402 augusle
471 1304 711 1382 vindelicorum
739 1346 784 1364 -·
810 1308 875 1381 xii.
899 1304 981 1381 Kal.
1007 1305 1153 1404 Aprilis.
1183 1321 1289 1401 1489.
1354 1302 1459 1397 Zaps.
1486 1303 1524 1379 iu
1546 1303 1643 1404 Aug.
1667 1326 1746 1383 me·

106 1405 232 1482 minit
261 1402 471 1480 Kalendarii
504 1406 706 1499 germanici
736 1402 902 1502 ejusdem
925 1405 1082 1481 auctoris
1105 1404 1242 1481 eodem
1257 1425 1374 1489 anuo,
1401 1400 1660 1480 &abeodem
1687 1418 1747 1504 ty·

110 1502 312 1602 pograpiio
337 1499 512 1598 impressi:
535 1503 640 1589 latini
664 1515 789 1580 autem
813 1528 888 1578 uon
911 1504 1090 1579 meminit.

284 1625 316 1676 2:
347 1598 549 1697 Commlatic
564 1598 732 1700 Leupoldi
750 1603 893 1676 ducatus
908 1600 1123 1776 Austricfflii
1138 1598 1180 1675 dc
1194 1600 1355 1701 ajlrorcm
1369 1596 1513 1695 scientia
1524 1595 1646 1673 Decem
1668 1622 1749 1675 con·

111 1696 229 1772 tinem
255 1695 480 1773 traducerem
502 1723 539 1798 4.
590 1700 762 1778 Praeeunt
783 1699 921 1800 sphaera
943 1724 1032 1780 mun
1059 1701 1090 1788 '‚
1119 1699 1157 1777 dc
1185 1698 1404 1795 typographi
1424 1697 1573 1793 epistola
1600 1696 1748 1773 dedica·

113 1796 215 1872 toria
240 1795 288 1871 ad
306 1795 521 1876 Udalricum
547 1798 596 1874 de
624 1790 805 1877 Fronsber
860 1798 1074 1897 Episcopum
1106 1797 1370 1877 Tridentinum.
1445 1795 1611 1891 Charatl.
1642 1796 1747 1894 goth.

117 1917 207 1970 cum
233 1892 359 1991 signat.
386 1921 469 1975 4-
487 1921 522 1972 o.
543 1895 617 1973 fine
640 1897 774 1975 custod.
859 1922 958 1976 num.
978 1899 1055 1973 foll.
1113 1894 1176 1973 Ad
1200 1897 1356 1972 calcem:
1391 1892 1592 1993 Conpilatio
1617 1933 1663 1948 ·-
1687 1916 1748 1968 ex·

114 1994 219 2093 plicil
234 1993 394 2088 feliciter.
444 1992 602 2071 Erlardi
627 1995 759 2072 raldolt
778 2038 823 2055 -
844 1996 1057 2095 imprimendi
1077 2007 1151 2070 arte
1179 2035 1223 2053 -
1256 1997 1390 2090 auguste
1418 1992 1669 2067 Vindelicoram
1703 2033 1747 2049 -

119 2088 253 2190 Quinto
273 2092 359 2190 ydus
354 2087 565 2271 &lancearii
590 2092 646 2170 M.
661 2120 743 2170 cccc.
760 2094 904 2175 lxxxix.
929 2108 1091 2175 currente.
1128 2091 1225 2168 Laus
1243 2090 1314 2165 deo.
1366 2090 1471 2165 Cous.
1495 2089 1625 2166 Brauo·
1634 2089 1687 2173 P.
1701 2087 1755 2169 IL⁴

118 2209 206 2288 pag.
222 2204 318 2292 apg.
388 2216 449 2270 em.
470 2214 554 2296 pag.
578 2206 658 2293 184.
686 2193 837 2273 Neocell.
861 2217 946 2294 pag.
971 2219 1051 2292 113.
1081 2190 1194 2290 Zaps.
1216 2191 1253 2268 iu
1272 2186 1369 2288 Aug·
1392 2211 1429 2288 P·
1452 2203 1511 2277 88·

699 2388 939 2517 ,ANNO
988 2415 1137 2507 1490.
1289 2375 1291 2380 ⁴

288 2607 319 2660 1.
353 2581 538 2662 Tradetur
552 2597 584 2665 el
589 2585 759 2690 sermones
774 2587 948 2690 compilati
967 2612 990 2667 a
1009 2572 1391 2692 reaccendifflmodonio
1407 2581 1508 2661 Pelro
1525 2579 1567 2659 de
1583 2579 1746 2665 Ailliaeo.

114 2680 221 2784 sacre
235 2676 401 2784 theologie
419 2684 559 2762 dodore.
577 2729 624 2743 -
676 2686 737 2764 Ad
766 2691 921 2766 calcem:
948 2731 994 2750 ·-
1022 2687 1170 2788 Impreffi
1184 2688 1332 2784 argillae
1350 2711 1438 2761 anno
1460 2683 1531 2759 deii.
1551 2683 1607 2760 M.
1621 2711 1747 2761 ccccxc.

118 2781 203 2879 :Ful
227 2785 313 2859 min.
380 2783 488 2860 Char.
514 2787 615 2880 goth.
641 2788 708 2861 col.
734 2811 767 2863 4.
792 2813 876 2864 cum
901 2787 986 2886 lngo.
1011 2811 1118 2886 pagg.
1143 2786 1300 2883 inscript.
1323 2784 1362 2863 dc
1383 2782 1509 2860 initial.
1537 2782 1649 2860 litter.
1675 2784 1748 2863 sine

120 2879 271 2960 Custod.
294 2880 332 2959 dr
353 2903 452 2956 num.
478 2884 554 2959 foll.
607 2886 712 2962 Cons.
742 2885 861 2964 Weicl.
911 2911 969 2986 ag.
993 2912 1074 2984 545.
1104 2881 1199 2961 Gem.
1225 2907 1308 2984 pag.
1338 2909 1418 2976 109.
1443 2882 1481 2960 δι
1503 2907 1586 2958 200.

120 2989 123 2993 ’
288 3005 320 3055 4.
348 2977 476 3095 incipit
498 2980 620 3058 ledam
637 2986 755 3060 eximii
775 2987 859 3062 iuris
880 2910 1015 3063 lleminir
1037 2987 1164 3061 domini
1188 2983 1277 3059 Bar.
1312 2981 1431 3082 (toli)
1463 2977 1505 3055 de
1527 2977 1749 3095 saxoscrralo

117 3073 1748 3284 illelil‘lfm'nlllllil'‘nillil‘illlinllsllgclll.lllnfl'llli‘lllsllili

126 3274 335 3450 gibusffiM.
352 3274 555 3355 cccclxxxx.
580 3279 635 3355 die
656 3282 772 3366 xxcii.
797 3275 903 3366 Maii.
953 3283 1055 3361 Cous.
1073 3281 1181 3357 Denis
1203 3280 1389 3378 Supplem.
1414 3300 1495 3376 pag.
1514 3280 1600 3356 484.
1627 3276 1750 3353 Brcun

158 3387 224 3452 art
283 3430 294 3455 .
352 3396 519 3451 a.20.
1184 3389 1185 3393 ’
1782 3400 1784 3408 “

287 3396 617 3569 &palmularum
639 3477 703 3553 deii.
724 3477 812 3554 Bar.
824 3476 928 3578 ficper
948 3474 1056 3553 tribur
1083 3473 1180 3551 libris
1204 3472 1241 3551 C.
1265 3472 1400 3575 (odicis
1427 3499 1484 3550 10.
1511 3497 1568 3549 rr.
1603 3470 1642 3549 oc
1671 3466 1750 3569 12.)

120 3590 192 3645 una
214 3571 256 3641 cri
278 3569 508 3647 additionibus
534 3576 618 3649 iuris
644 3577 797 3675 alciusqg
819 3577 986 3653 doliorum
1009 3575 1259 3674 clarifflmorurn
1283 3570 1344 3648 deii
1359 3570 1489 3672 Angcli
1509 3568 1692 3668 de'pcrusto
1710 3591 1751 3642 ac

126 3666 256 3743 domini
278 3668 477 3747 Alexandri
505 3671 546 3747 de
570 3673 682 3750 Imola
700 3674 770 3772 sais
789 3677 869 3749 locis
893 3673 1034 3774 insertis.
1063 3672 1140 3749 Fol.
1164 3695 1285 3767 magu.
1361 3669 1442 3746 Car.
1463 3669 1565 3764 goth.
1588 3665 1662 3743 stne
1686 3689 1750 3771 cu·

124 3765 213 3842 stud.
234 3790 320 3844 cum
343 3767 467 3866 figunt.
489 3768 563 3847 soll.
589 3796 689 3851 num.
713 3772 752 3850 dc
770 3775 926 3873 inscript.
976 3771 1038 3850 Ad
1063 3771 1219 3849 calcem:
1253 3766 1399 3846 Ueneriis
1419 3790 1479 3881 per
1501 3765 1689 3863 Baptidam
1710 3761 1752 3839 de

126 3865 226 4043 crcrtir
245 3867 352 4043 {Icum
377 3865 493 3965 ejusd.
519 3869 667 3970 infigo.)
690 3871 747 3949 M.
760 3873 963 3954 cccclxxxx.
986 3869 1041 3948 die
1061 3869 1216 3969 uigestmo
1238 3877 1314 3966 pcto
1340 3862 1451 3970 fficio.
1503 3862 1608 3942 Cous.
1626 3862 1752 3939 Braan

157 3977 227 4046 art.
282 4020 291 4041 ·
342 3988 400 4061 ag.
428 3992 509 4043 20.
1112 4049 1115 4055 ,
1420 4011 1425 4017 ·

288 3988 340 4160 4.p
350 3992 527 4143 Lactanlii
549 4091 669 4165 opera.
699 4065 775 4144 Fal.
850 4070 1024 4148 Praeeuut
1051 4065 1149 4142 tituli
1171 4065 1351 4162 capitum,
1377 4063 1416 4143 ilc
1448 4073 1565 4138 ercam
1602 4082 1666 4157 per
1688 4059 1749 4136 Fr.

127 4159 219 4240 Aut.
242 4162 471 4242 Raudenlem
492 4166 658 4253 conella,
686 4189 770 4264 quae
795 4192 879 4246 cum
902 4166 1059 4265 Epistola
1076 4165 1156 4264 Joh.
1179 4161 1346 4240 Andreae*
1372 4160 1543 4239 Alerieos.
1566 4159 1680 4256 Episc.
1703 4183 1751 4235 ex

118 4260 288 4342 editione
312 4263 487 4340 Lallantii
509 4286 659 4342 romana
681 4268 768 4343 nuni
797 4291 900 4366 1470.
922 4268 1141 4362 deprompta
1164 4263 1243 4337 olio
1265 4259 1351 4335 solia
1373 4260 1536 4356 impleut.
1588 4256 1751 4332 Charall.

119 4382 267 4438 roman.
293 4386 376 4437 cum
407 4361 561 4462 inscript.
588 4384 697 4463 pagg.
719 4363 757 4443 dc
780 4367 908 4444 initial.
934 4365 1042 4437 litter.
1102 4383 1175 4437 arv.
1206 4358 1278 4436 sine
1309 4357 1444 4435 custod.
1474 4358 1512 4434 dc
1539 4354 1614 4433 foll.
1652 4376 1750 4430 num.

112 4459 191 4540 Aa
214 4462 375 4542 calcem:
401 4461 597 4567 Impreffirm
623 4459 775 4542 Veneriis
793 4490 857 4568 per
881 4462 1032 4564 magislll
1111 4457 1227 4549 cadule
1251 4455 1292 4532 de
1310 4447 1752 4629 RagazoniburdeAzlssla.
