3644 4964
719 156 1043 315 enee
1634 223 1737 322 sc

73 396 194 476 irrata
206 391 400 498 sumptibrrr
414 390 501 495 stris.
528 418 617 472 anno
641 394 675 472 d.
699 397 750 474 Μ.
765 394 1041 497 cccclxxxxiiij,
1060 396 1126 476 die.
1148 423 1184 476 x.
1199 395 1383 498 februarij.
1432 395 1528 478 Cum
1553 398 1713 498 registr,

73 501 180 577 thart,
233 495 408 572 Meminit
431 495 538 569 Denir
561 493 680 593 Sappl.
703 519 737 594 p.
765 505 846 583 361.
1484 544 1488 553 ·

227 601 287 671 60.
316 591 527 669 Tradatalns
545 596 700 691 perutilis
718 593 760 670 de
780 595 961 698 pestilentia
983 621 1027 671 err
1047 593 1183 696 dinerstr
1199 590 1384 670 andonius
1402 619 1424 670 a
1449 609 1612 696 gregatas
1627 593 1690 674 Aa

73 691 187 770 arimin
212 695 307 767 arciri
328 703 361 768 et
381 690 569 783 medicinae
585 690 720 769 dederi.
738 692 821 795 (hc)
849 689 1027 795 Ambrasta
1044 699 1134 794 jung
1157 697 1213 768 tric
1231 692 1339 791 plr’ico
1360 735 1395 752 -·
1456 719 1550 770 orum
1570 694 1612 770 de
1631 720 1691 772 ca·

73 792 178 869 ritulo.
200 790 338 867 rnaiarir
376 790 499 892 erciefie
529 789 729 902 Angaslenss
761 796 797 868 in
829 793 961 870 laudem
996 792 1051 868 dei
1077 806 1109 868 et
1137 791 1353 893 consolatriem
1389 793 1527 870 lamani
1545 797 1690 892 generis.

73 889 234 990 iubjedia
248 891 309 967 cst
328 891 453 988 imago
475 889 573 987 ligno
598 892 726 976 incil'a,
751 892 789 969 &
817 891 964 991 epistola
989 891 1224 977 dedicatoria.
1247 892 1283 966 in
1308 917 1343 988 4.
1417 893 1584 969 Charali,
1608 916 1691 990 ger·

73 1012 160 1068 uam
186 1012 270 1066 cum
293 987 472 1085 signatdl
497 1002 694 1086 quaterno,
721 988 760 1066 u
774 988 817 1074 ἦ
833 992 1046 1088 quinterno,
1070 989 1144 1066 sune
1165 989 1299 1070 custod,
1323 989 1361 1066 de
1383 1014 1482 1067 num.
1499 990 1579 1068 foll.
1627 989 1690 1069 nd

73 1088 219 1165 altem:
246 1084 442 1186 Impreffian
462 1085 658 1189 Augustep
685 1082 862 1189 α7066666
874 1085 1050 1186 seldnsper
1074 1115 1122 1168 er.
1167 1087 1275 1164 Anna
1294 1086 1356 1163 deii
1375 1086 1688 1189 Millrfirnopdria·

73 1189 214 1287 p'e'testma
234 1186 443 1284 nonagestmo
456 1200 589 1282 quarto.
614 1176 719 1264 Faria
740 1190 857 1282 quinta
880 1190 949 1287 pasl
971 1115 1157 1286 Eridani.
1207 1186 1330 1288 Editio
1349 1188 1472 1285 paucis
1493 1187 1691 1265 indicataa

73 1281 275 1398 Zapprg.
301 1307 485 1383 pag.112.
521 1283 646 1401 Denir·
660 1284 828 1384 Sapplnn.
859 1309 941 1385 pag.
971 1311 1056 1387 371.
1086 1285 1257 1383 utrinque
1281 1283 1324 1360 ht
1346 1286 1487 1364 mentio
1517 1282 1692 1363 versionis

73 1405 287 1595 §erma-miii
313 1383 748 1596 efiissriieniiiiineiiietiiris
769 1481 839 1584 (C.
862 1482 970 1598 julii)
992 1483 1041 1597 ic.
1062 1483 1108 1560 de
1124 1482 1417 1598 licitis-Gallico,
1443 1480 1574 1570 Civili,
1599 1481 1692 1562 nle-
1737 1516 1739 1521 ⁴

73 1578 271 1666 tandrruo,
304 1578 497 1669 Africano,
531 1581 693 1679 Hispano
715 1605 798 1658 cum
821 1583 1071 1658 addrnonrbus
1094 1583 1218 1660 Hirta.
1242 1605 1280 1657 m
1299 1580 1329 1656 F
1330 1584 1377 1657 ol.
1445 1581 1608 1658 Charati,
1631 1606 1693 1658 ro·

73 1702 164 1757 nan.
185 1679 276 1774 eleg.
296 1702 380 1754 cum
404 1678 531 1776 signat,
555 1679 626 1758 sine
645 1680 779 1758 custod.
805 1679 845 1758 δι
868 1703 967 1757 uum.
991 1679 1064 1757 soll.
1117 1678 1178 1758 Ad
1202 1678 1341 1755 calcem
1365 1680 1496 1757 indicis
1519 1680 1690 1777 auaym.

73 1777 250 1854 liariiano
273 1778 389 1852 additi
409 1779 560 1874 legitur:
584 1778 779 1880 lmpreffinn
800 1778 947 1856 Veneriis
964 1805 1027 1876 per
1051 1777 1145 1856 Phili
1161 1804 1242 1877 pum
1258 1777 1438 1853 dePinciis
1461 1777 1694 1855 Mantuannen

73 1874 175 1951 Anna
204 1876 341 1952 Mcccc.
360 1876 545 1954 lxxxxiiii.
583 1879 651 1954 Die
682 1903 771 1954 vero.
794 1902 894 1954 xxv.
927 1874 1077 1955 odobris.
1167 1878 1288 1955 ccedit
1312 1878 1349 1952 in
1377 1900 1458 1974 pag.
1485 1877 1553 1974 seq.
1583 1879 1695 1976 Regi·

73 1973 178 2050 irum
198 1975 428 2059 chartarum,
457 1975 496 2053 de
520 1977 558 2054 S.
585 1976 737 2054 Antonii
758 1976 966 2075 Egyptiaci
999 1979 1121 2074 imago
1153 2000 1238 2055 cum
1261 1975 1509 2074 inscriptione:
1535 1973 1692 2071 Defende

73 2097 128 2148 aar
151 2070 244 2147 beate
262 2087 360 2171 pater
375 2073 519 2150 Antoni.
572 2077 743 2152 Meminit
766 2073 916 2151 Oriundi
937 2098 1018 2173 pag.
1039 2102 1099 2173 49.

231 2176 288 2247 62.
317 2169 485 2270 Repetitio
503 2213 540 2230 ·-
552 2172 576 2249 l.
587 2176 664 2269 egis
680 2177 713 2273 st
721 2175 851 2268 fratris
870 2172 907 2250 C.
929 2172 971 2248 de
993 2178 1063 2250 inre
1076 2169 1174 2249 delii.
1190 2211 1227 2233 ··-
1240 2171 1350 2248 Edita
1373 2197 1433 2269 per
1455 2210 1504 2230 -··
1525 2169 1561 2246 d.
1580 2169 1696 2248 Fran·

73 2267 187 2443 ἵκῃ
208 2266 249 2343 de
266 2273 383 2346 aretio.
406 2293 447 2348 tn
460 2270 537 2348 Fol.
588 2272 738 2388 Elisoll.
756 2297 789 2359 4.
799 2271 924 2369 fignat.
938 2295 972 2348 a.
995 2269 1083 2386 „Ad
1098 2272 1255 2386 661661ῃῇ
1281 2271 1440 2369 Explicit
1462 2308 1510 2328 -
1532 2268 1697 2449 Irnprplffa

98 2391 176 2466 apae
191 2393 255 2462 per
273 2366 488 2445 Leonardarn
509 2370 544 2445 d'
567 2372 673 2471 gerla
692 2372 744 2450 Μ.
763 2394 860 2449 cccc.
875 2367 1057 2468 lxxxxrnp
1082 2370 1147 2446 dre,
1170 2392 1259 2469 xvij.
1284 2370 1397 2468 menstr
1421 2365 1601 2445 decembres
1662 2393 1696 2449 c,

73 2466 166 2543 Cum
185 2481 331 2564 typogr.
350 2466 474 2566 insign.
546 2532 556 2547 .
713 2536 719 2559 ,

230 2566 291 2651 63.
318 2565 592 2666 Interpretatiier
615 2593 699 2644 noae
721 2568 845 2664 noniq3
869 2565 1046 2644 intelleiiar
1064 2592 1126 2666 per
1149 2605 1186 2624 ·-
1216 2564 1267 2643 D.
1294 2562 1505 2641 Ladonirnrn
1526 2563 1698 2665 Bologni·

73 2686 149 2739 earn
179 2664 257 2738 iura
290 2664 407 2740 ciuilia
436 2666 608 2742 ordinarie
634 2667 791 2766 legentem
807 2705 841 2724 ··
866 2665 1018 2743 Bononie
1029 2665 1176 2767 studiose
1202 2664 1326 2740 traditi
1353 2662 1402 2741 ad
1424 2689 1533 2739 ornnes
1553 2665 1625 2756 sere
1648 2667 1699 2740 le·

73 2784 145 2858 per:
174 2760 245 2839 &c
266 2765 304 2839 in
330 2763 404 2840 Fol.
456 2767 620 2843 Charari.
646 2766 747 2861 goth.
779 2787 864 2841 curn
895 2761 1019 2862 agnat.
1052 2763 1126 2841 sine
1160 2762 1358 2841 custod&
1384 2786 1483 2838 num.
1509 2763 1584 2839 foll.
1636 2762 1700 2842 Ad

73 2861 209 2935 calcem
233 2876 366 2960 praeter
389 2863 457 2939 alia
480 2864 634 2961 legitur:
667 2864 761 2960 Opas
782 2865 991 2964 composttarn
1013 2866 1054 2963 est
1072 2905 1114 2918 -
1132 2861 1238 2940 Anna
1252 2864 1388 2938 domini.
1414 2862 1463 2937 M.
1476 2885 1568 2937 cccc.
1583 2859 1698 2959 xciiij,

73 2954 126 3034 Et
148 2955 233 3058 (abs
258 2962 366 3038 dubio
389 2963 522 3039 eodem
543 2963 660 3064 anno)
681 2959 864 3063 irnprpffam
890 2987 949 3060 per
969 2987 1018 3037 rne
1043 2960 1218 3037 Platonem
1250 2961 1290 3038 de
1318 2959 1505 3036 Beneditiis
1535 2955 1700 3036 librorum

72 3057 288 3169 penditaremt
324 3070 355 3134 et
384 3060 605 3238 impugnem
623 3070 669 3137 vin
692 3063 804 3163 stadio
832 3061 1043 3163 Bononienfi,
1104 3059 1200 3137 Laus
1227 3058 1288 3135 dea
1313 3083 1419 3136 amen.
1446 3081 1551 3135 amen.
1601 3058 1699 3136 Cum

73 3153 197 3252 insign.
224 3162 460 3258 typograpiu,
551 3162 712 3260 Registro
741 3162 969 3249 chartarum,
997 3186 1042 3238 ex
1066 3183 1139 3259 quo
1161 3157 1350 3247 discimus,
1375 3159 1477 3258 plura
1499 3156 1578 3253 alia
1604 3179 1699 3254 prae·

73 3252 216 3343 cethlie,
240 3255 415 3356 limulque
438 3258 605 3356 prodiiiie
627 3264 665 3336 in
682 3261 814 3337 iucem.
881 3262 1078 3338 Colraerent
1100 3260 1197 3337 enim
1219 3260 1358 3337 chartae
1382 3259 1427 3336 ab
1447 3281 1563 3356 a-p,
1589 3255 1629 3337 dt
1652 3255 1699 3333 ab

73 3349 216 3437 A-L.
264 3355 340 3433 Sed
363 3372 496 3454 prae-ter
515 3357 546 3459 J.
563 3359 608 3434 K.
623 3359 666 3435 L.
691 3381 821 3433 ornnes
843 3357 1104 3435 desiderantur.
1155 3358 1330 3435 Meminit
1352 3353 1502 3432 Oriundi
1513 3378 1595 3454 pag.
1617 3374 1699 3440 113,

236 3458 297 3551 ⁶4·
325 3453 511 3554 Juvenalis
528 3458 673 3554 Satyrae
697 3479 782 3532 cum
805 3458 1077 3535 commentariis
1090 3454 1177 3533 Ant,
1191 3454 1423 3537 Mancinelli,
1445 3454 1598 3531 Domitii
1616 3451 1702 3529 Cal·

73 3547 213 3635 (lerini,
237 3552 276 3630 &
297 3554 445 3650 Georgii
471 3553 599 3632 Veliae.
623 3554 702 3631 Fol.
750 3551 914 3629 Chataii.
938 3574 1029 3629 rom.
1061 3576 1145 3629 cum
1171 3550 1299 3649 fignat.
1327 3548 1367 3628 dt
1395 3573 1495 3631 num,
1522 3548 1597 3626 soll,
1627 3547 1702 3627 ime

74 3647 213 3728 custod.
264 3649 418 3726 Venetiir
440 3653 546 3752 impre
571 3680 626 3728 am
644 3658 685 3751 eli
709 3650 769 3726 noc
796 3648 969 3726 Inamalir
991 3673 1073 3748 opas
1091 3675 1164 3724 cunr
1187 3647 1296 3730 nitar
1315 3649 1471 3725 cdnrntis
1488 3670 1553 3746 prr
1575 3642 1702 3721 locant

74 3744 118 3823 de
142 3744 257 3823 Cereto
277 3749 318 3825 de
346 3747 498 3833 iiidiaa.
568 3744 729 3832 ,CCCC
746 3749 793 3826 X
790 3746 916 3825 CIIII.
938 3745 991 3827 die
1015 3771 1093 3822 vero
1114 3746 1247 3822 xxviii.
1276 3743 1445 3822 Ianuarii,
1503 3744 1599 3820 Cum
1628 3744 1703 3840 pri·

74 3844 215 3943 vilugio
238 3847 286 3923 ad
309 3873 366 3923 ιο.
386 3872 523 3938 annos,
556 3850 721 3949 Registro
745 3851 861 3928 chart.
890 3847 930 3926 dr
950 3844 1079 3945 infigo,
1102 3843 1334 3945 typographi
1399 3840 1504 3923 eont.
1538 3836 1634 3923 Gen.
1665 3864 1702 3942 p.

75 3960 163 4041 ²⁵⁷⁸
188 3943 337 4157 lippit.
350 3956 505 4123 iiaiiis
528 4045 762 4126 Ferrariensrs
784 4044 871 4123 Ord.
891 4045 977 4126 him,
997 4043 1064 4123 Th.
1092 4042 1196 4158 Doti.
1226 4038 1332 4125 Liber
1356 4037 1486 4115 nouiter
1510 4034 1622 4155 fditnr
1651 4037 1706 4154 De

74 4138 144 4221 cele
168 4139 287 4218 laeta.
337 4170 360 4217 n
386 4168 450 4244 qua
474 4144 717 4320 insrplcripta
745 4146 962 4227 continentur.
988 4142 1034 4220 In
1055 4144 1188 4243 primu.
1216 4138 1273 4218 De
1298 4149 1425 4217 natura
1445 4134 1570 4225 Annae
1596 4150 1706 4213 ratra-

75 4263 124 4315 na
139 4240 179 4315 is,
205 4238 264 4317 De
285 4242 536 4321 immortalitate
593 4246 689 4321 nime.
715 4244 771 4320 De
792 4245 924 4340 inferno
947 4253 979 4317 et
996 4244 1146 4318 cruciatu
1168 4238 1307 4321 Aniene,
1329 4235 1385 4343 De
1397 4235 1568 4336 paradyso
1591 4232 1632 4313 fd
1646 4235 1707 4330 se-

76 4337 211 4413 diritate
230 4338 367 4416 Anime.
394 4341 471 4418 Fol.
535 4342 700 4423 Charati,
729 4366 820 4419 rorn.
854 4340 980 4439 signat.
1011 4339 1050 4418 dr
1081 4362 1182 4416 num.
1211 4331 1706 4417 foll.roman.s1necust0d.

79 4434 188 4541 Fpiio
209 4439 310 4516 verso
332 4440 465 4520 LXXI.
488 4434 596 4519 Liber'
620 4482 668 4498 -·
691 4437 870 4546 johannis
900 4437 1121 4539 Ferrarienfis
1140 4476 1187 4493 -
1232 4459 1269 4511 er
1284 4470 1324 4494 -·
1343 4431 1532 4517 Antoniana
1551 4429 1593 4506 de
1616 4427 1708 4544 Can·

78 4532 289 4638 cinicisc,
314 4539 434 4622 editus
449 4539 490 4619 in
505 4537 655 4643 lucem)
683 4563 768 4619 cum
789 4538 977 4644 privilegio
998 4534 1160 4641 Sentitur
1180 4460 1463 4625 lienteum.
1486 4525 1710 4729 luxmu-

1151 4808 1158 4818 ι

1109 4922 1114 4928 .
1217 4858 1363 4928 *a*
