3644 4964
94 229 153 327 ar
744 182 1069 310 „emme

89 426 228 506 muymo
248 398 338 480 Bion
369 397 397 475 ‘o
421 393 582 520 sumptus
598 392 849 571 suppeditante
866 393 1053 487 impressus
1074 415 1135 510 prr
1154 433 1204 451 -
1229 389 1405 470 Maritum
1423 386 1610 512 Captufi'rm
1631 396 1724 474 Por·

89 490 1042 706 aigun..hh1²:32...0n5fsbtsts
1078 489 1720 705 arbitraremur

91 709 202 783 chart.
228 705 268 781 in
285 701 348 776 fol.
372 698 442 796 seq.
494 695 666 772 Meminit
693 689 841 768 Oriundi
858 716 892 791 p.
908 713 977 787 40..
994 689 1033 766 dr
1053 712 1088 789 p.
1116 711 1197 786 3²9·
1229 691 1291 766 ubr
1322 693 1407 768 duae
1437 693 1522 771 uliae
1550 693 1720 794 ejusdem

91 805 178 885 anni
200 802 382 879 editiones
410 792 629 872 indicantur.
1729 848 1735 855 -

255 904 313 979 ob.
341 893 569 990 Anthologia
587 911 794 987 graecorum
812 888 1118 986 epigrammatum
1136 910 1158 964 a
1173 883 1323 963 diuersrs
1344 889 1547 968 austoribus
1570 916 1722 992 compo·

91 1002 250 1080 srtorum.
275 999 313 1072 in
337 1020 372 1091 4.
422 992 527 1068 Folio
551 992 668 1088 primo
693 988 790 1065 verso
816 985 972 1085 (testum
995 1009 1149 1064 vacuum
1173 984 1242 1084 est)
1272 985 1350 1084 post
1382 987 1556 1087 syliabum
1580 992 1721 1070 littera·

91 1124 173 1178 rum
194 1100 233 1176 br
252 1093 561 1192 diphthongorum
583 1087 783 1186 Alphabeti
811 1083 925 1182 graeci
946 1084 1171 1161 recensentur
1194 1085 1421 1182 alphabetico
1449 1089 1578 1165 ordino
1604 1105 1721 1168 mate·

93 1201 166 1285 rie,
193 1199 230 1272 in
250 1215 340 1291 quas
365 1189 492 1288 scripta
508 1188 592 1264 sunt
610 1189 876 1284 egigrammata
897 1183 1061 1260 sessionis
1083 1184 1224 1279 primae.
1292 1183 1388 1261 Sunt
1416 1186 1514 1263 euim
1537 1189 1721 1287 epigram·

93 1312 224 1380 mata,
263 1311 347 1390 quae
386 1289 458 1365 hnc
489 1287 673 1363 volumine
705 1286 966 1369 continentur,
1005 1282 1116 1359 divisa
1152 1283 1190 1358 iu
1224 1280 1395 1360 sessiones
1432 1284 1597 1383 septem,
1639 1310 1723 1385 quae

92 1419 268 1569 suar
284 1387 522 1563 drys·
572 1379 1426 1560 tanausiustihcatur.
1444 1383 1723 1558 usurpo,-

45 1594 49 1598 ’
94 1498 189 1692 ῗοθις-
202 1586 247 1686 o)
262 1509 416 1663 holobus?
418 1511 464 1641 -P
466 1506 594 1660 ffien.
611 1581 706 1659 Sunt
728 1505 889 1659 omnelsgn
881 1565 1057 1676 quaterni.
1100 1577 1204 1653 Folio
1227 1604 1261 1656 2.
1279 1503 1394 1657 Ρῐεῗὶιξ
1411 1504 1660 1680 qugartaeercriionis
1689 1582 1724 1658 K

96 1691 147 1767 est
168 1695 271 1762 τιλος
293 1709 353 1756 του
378 1705 504 1779 προτου
521 1705 727 1778 rpupuror,
740 1678 813 1766 ,seu
835 1678 920 1754 finis
947 1677 1107 1754 sectionis
1133 1678 1283 1774 primae:
1317 1693 1449 1776 quarto
1473 1694 1599 1759 autem
1625 1681 1723 1759 resto

97 1789 148 1866 est
175 1793 281 1858 athos
309 1806 371 1853 ‘rou
402 1804 501 1851 ικτου
527 1803 711 1877 rpupu‘ros
736 1779 775 1852 in
808 1777 1012 1874 eodemque
1044 1791 1131 1854 aute
1164 1777 1325 1852 medium
1349 1777 1431 1875 ejus
1455 1777 1504 1856 est
1534 1791 1639 1878 Auxit
1662 1804 1726 1850 *rou

96 1884 235 1982 ιβδομου
267 1903 451 1977 apopores
481 1875 541 1954 seu
578 1876 727 1955 initium
759 1874 918 1952 terrionis
949 1873 1131 1972 septimae,
1168 1873 1208 1952 dr
1240 1875 1399 1964 ultimae,
1431 1899 1514 1977 quae
1547 1880 1624 1955 sme
1652 1879 1727 1955 vlla

56 1982 59 1986 ’
95 1979 348 2078 subscriptione
369 1975 589 2052 terminatur
611 1975 697 2050 folio
720 1974 849 2050 ottavo
868 1972 969 2049 verso
986 1973 1235 2072 quaternionis
1250 1974 1329 2050 KK.
1354 1977 1447 2052 linea
1467 2002 1525 2075 23.
1578 1976 1640 2056 Est
1652 1978 1727 2054 hoc

98 2079 290 2178 exemplar
307 2100 355 2152 ex
377 2075 537 2155 editione
562 2073 735 2170 primaria
759 2072 990 2160 Florentino,
1015 2096 1125 2171 quam
1146 2072 1331 2172 Johannes
1356 2073 1517 2152 Lascaris
1543 2074 1726 2175 Rhynda-

97 2203 212 2259 cenus
235 2175 398 2260 curarit,
424 2173 463 2250 &
488 2172 709 2248 Laurentius
738 2170 949 2247 Franciscus
977 2171 1025 2249 de
1056 2170 1193 2270 Alopa,
1223 2168 1389 2249 Venetus
1420 2171 1617 2251 Florentiae
1645 2170 1725 2248 III.

96 2278 176 2357 r'dur
197 2274 346 2389 Augusti
364 2272 414 2366 Μ.
433 2270 572 2348 CCCC.
590 2269 831 2348 Lxxxxrm.
853 2282 1027 2368 typorum
1046 2269 1213 2346 formulis
1235 2268 1412 2366 expressit
1463 2273 1728 2350 Colieitionem

97 2380 230 2457 horum
252 2381 557 2471 eprgrammatum
582 2369 769 2445 Maximus
791 2368 994 2455 Planudes,
1032 2368 1174 2462 Rhetor
1192 2367 1632 2468 Constantinopolitanus,
1661 2371 1729 2446 ad·

100 2473 236 2554 ornasse
256 2470 426 2547 creditur.
479 2467 613 2543 Desunt
635 2482 758 2543 autem
786 2467 822 2544 in
845 2468 915 2543 hoc
937 2466 1157 2562 exemplari,
1184 2470 1490 2564 quemadmodum
1517 2472 1558 2546 in
1579 2472 1727 2548 duobus

99 2575 200 2660 aliis,
228 2591 311 2669 quae
331 2567 473 2644 exstant
494 2568 592 2662 apud
614 2588 682 2641 nos
702 2564 810 2664 hujus
836 2566 1006 2642 editionis
1035 2566 1302 2665 exemplaribus
1330 2581 1450 2645 cetera
1472 2569 1614 2666 optime
1638 2582 1728 2646 con·

98 2671 270 2757 seruatis,
292 2668 379 2743 folia
404 2665 539 2762 septem
560 2665 711 2752 ultima,
740 2667 868 2763 quibus
884 2665 1112 2740 continentur
1128 2664 1208 2763 Joh.
1231 2663 1414 2754 Lascaris,
1441 2669 1503 2765 qui
1527 2667 1728 2745 editionem

100 2768 262 2856 curauit,
287 2767 514 2866 epigramma
533 2784 715 2860 graecum,
741 2761 907 2862 praesatio
924 2762 1040 2840 latina
1061 2760 1228 2862 ejusdem
1245 2763 1293 2838 ad
1319 2764 1472 2843 Petrum
1495 2767 1542 2847 de
1556 2766 1729 2856 Medicis.

100 2869 309 2951 &demum
333 2863 539 2960 subscriptio
560 2861 730 2957 sequens:
1540 2946 1546 2953 ,
1569 2922 1574 2930 .

340 2959 536 3061 Impreffum
557 2957 738 3036 moremur
755 2985 814 3056 per
833 2958 1056 3036 Laurentium
1074 2958 1289 3136 Franctpom
1306 2959 1349 3038 de
1367 2960 1487 3067 Asopo

346 3059 506 3137 Venarum
531 3055 608 3132 III.
632 3056 709 3135 idus
726 3057 834 3158 Augu
861 3062 874 3134 r'
899 3061 951 3135 M.
967 3059 1107 3137 CCCC.
1124 3061 1192 3136 LX
1212 3060 1391 3139 XXurI..
1513 3077 1530 3089 ''

100 3161 206 3245 Cous.
233 3157 290 3235 De
305 3154 400 3233 Bure
421 3154 496 3230 Bes.
522 3154 630 3232 ertr.
652 3179 688 3254 p.
712 3182 790 3253 roo.
827 3181 905 3257 eqq.
932 3183 967 3232 n.
989 3158 1095 3253 2488.
1122 3157 1351 3260 &imprimis
1371 3157 1537 3240 Annales
1551 3171 1727 3261 typogra-

98 3266 229 3366 phicos
252 3256 441 3334 Maittairii
473 3255 520 3332 ad
544 3255 580 3330 h.
605 3277 638 3329 a.
670 3254 772 3332 Teste
802 3258 847 3334 de
874 3257 975 3333 Bure
990 3257 1211 3354 exemplaria
1232 3260 1366 3337 dantur
1385 3258 1592 3359 paucissima
1613 3260 1728 3361 hujus

100 3358 292 3442 editionis,
317 3355 353 3429 in
377 3354 505 3451 quibus
529 3351 616 3429 solia
637 3352 701 3431 illa
728 3353 881 3453 septem,
906 3357 1196 3442 notitiamunni,
1224 3357 1314 3445 loci,
1340 3359 1379 3439 ἀ
1402 3360 1622 3460 typographi
1642 3380 1732 3437 cum

99 3461 364 3636 {tiriaus
381 3472 506 3626 giiii
525 3450 798 3630 hiiensis&
808 3453 1007 3630 tibiis.
1020 3455 1377 3632 100ῑὲ0ῗέἷῖῗέ
1400 3461 1633 3636 {thath
1651 3482 1730 3636 iii

99 3654 192 3766 joh.
214 3651 331 3750 Echi,
357 3672 426 3726 uec
448 3673 521 3725 non
539 3649 579 3725 in
600 3651 858 3744 Goettingensr,
884 3650 990 3750 cujus
1010 3609 1183 3729 meminit,
1197 3578 1320 3730 rhua
1347 3652 1438 3750 (zos.
1461 3680 1497 3756 4.
1521 3679 1557 3756 p.
1585 3663 1668 3753 569.

52 3806 64 3813 ..
264 3760 323 3850 op.
352 3746 524 3921 Digessum
544 3761 636 3825 uetus
662 3747 705 3825 de
734 3746 771 3824 Τ
764 3753 859 3826 ortis.
883 3749 960 3825 Fol.
984 3750 1070 3850 maj.
1121 3753 1283 3829 Charait.
1307 3756 1410 3850 goth.
1435 3779 1518 3832 cum
1540 3754 1667 3853 srguut.
1688 3750 1728 3832 dt

99 3878 199 3932 num.
231 3849 308 3928 soll.
379 3845 409 3922 F
410 3871 432 3920 ο
448 3869 484 3922 ιο
514 3848 610 3924 resto
638 3873 722 3948 354.
759 3848 858 3925 sinit:
892 3847 1040 3925 Ueneriis
1062 3875 1124 3949 per
1152 3849 1343 3952 Boptr'stum
1363 3854 1405 3926 de
1426 3855 1534 3930 tortis.
1558 3853 1611 3930 Μ.
1627 3874 1727 3932 cccc.

103 3950 286 4045 lxxxxiiii.
315 3945 369 4021 die
386 3945 504 4019 ultimo
527 3945 676 4022 affabris.
701 3945 808 4022 Finiu
876 3945 1070 4026 Accedunt
1101 3949 1225 4029 tabula
1259 3955 1353 4030 rubr.
1379 3951 1586 4052 Registrum
1607 3952 1726 4030 chart.

100 4046 310 4145 dt'insrgnia
332 4042 564 4141 typographi.
615 4043 724 4119 Derris
746 4043 867 4144 Supps.
893 4068 926 4142 p.
948 4053 1031 4144 guo.
1072 4102 1079 4115 .
1395 4094 1399 4105 ·
1633 4086 1636 4091 ·

262 4148 322 4228 08.
351 4140 563 4239 Gmeasogr'or
584 4137 741 4246 joannis
766 4143 941 4220 Boccutr'r':
965 4184 1005 4203 -·
1031 4142 1191 4243 Eiusdem
1219 4143 1446 4224 dementibus
1470 4145 1725 4248 &sysuirdtc

99 4244 179 4326 Fol.
229 4242 395 4318 Charatt.
419 4261 618 4315 rom.,cum
642 4238 766 4338 srgnat
792 4241 831 4319 dr
855 4265 957 4321 num.
984 4244 1058 4319 foll.
1094 4242 1167 4319 hue
1197 4244 1332 4320 custod.
1385 4246 1487 4324 Folio
1515 4248 1614 4325 reno
1647 4251 1727 4326 162.

105 4339 255 4424 lseuetr'r'r
272 4335 366 4410 dudu
384 4334 424 4412 Θ
446 4337 592 4438 εκριψ
612 4378 648 4396 -
683 4337 862 4414 ortanum·
887 4338 983 4419 Scotr'
1008 4380 1048 4399 -
1071 4339 1127 4416 M.
1150 4339 1284 4420 0000.
1303 4340 1348 4418 X
1345 4343 1473 4422 CIIII.
1501 4345 1647 4448 septimo
1663 4347 1725 4424 stu·

101 4439 219 4522 sendus
244 4433 399 4511 Murrius
416 4432 502 4528 finis
524 4437 657 4533 ipoſsrus
677 4436 754 4532 suit
776 4437 853 4515 huic
877 4441 981 4540 operi.
996 4465 1062 4543 per
1084 4438 1252 4563 Boueturu
1274 4441 1497 4525 Maesessum.
1551 4446 1647 4524 Cum
1672 4440 1728 4523 in.

98 4543 187 4644 sigo.
206 4536 323 4621 Scoti.
373 4530 482 4613 Cous.
511 4527 607 4612 Gru.
630 4555 669 4632 p.
687 4541 771 4620 aab.

187 4644 220 4706 ὅ
1436 4642 1500 4739 69.
1524 4636 1679 4743 ffiflorr'u
